3000 4456
519 359 636 413 LIBER
664 360 698 412 II.
725 359 809 412 CAP.
834 356 912 412 6-8.
1209 373 1250 439 45

183 538 315 625 lapides
333 543 374 604 ac
393 537 464 604 tela
482 537 668 617 coicerent,
687 536 723 602 in
742 543 843 603 mirra
861 535 1074 603 consistendi
1093 541 1252 621 potestas

180 658 255 713 erat
270 647 363 712 nulli.
415 645 505 712 Cum
519 645 625 711 finem
639 647 869 731 oppugnandi
884 668 957 711 nox
972 645 1120 726 lecisset,
1137 645 1251 711 Iccius

185 757 327 836 Ramus,
346 762 482 821 summa
498 755 681 821 nabilitate
697 765 732 838 et
750 754 865 841 gratia
881 755 973 822 inter
988 760 1080 834 suos
1098 761 1158 840 qui
1174 765 1252 820 tum

183 866 316 952 oppido
329 875 497 951 praeerat,
513 871 603 931 rinus
617 887 662 931 ex
676 871 734 944 ei5,
751 871 811 950 qui
825 864 934 950 lagati
949 866 993 930 de
1006 870 1092 949 pace
1107 865 1151 929 ad
1166 863 1252 930 Cae-

181 997 292 1042 sarem
308 983 485 1052 venerant,
502 975 644 1041 nuntias
660 975 703 1040 ad
721 997 801 1042 eum
818 975 938 1041 mittit:
965 974 1041 1040 Nisi
1058 973 1251 1040 subsidium
1269 990 1283 1040 5

183 1085 247 1151 sibi
261 1085 499 1163 submittatur,
515 1090 591 1151 sase
604 1082 736 1150 diutius
751 1082 922 1150 sustinare
937 1089 1007 1148 non
1023 1104 1134 1168 posse.

191 1257 300 1311 Caesar
316 1257 435 1312 relieves
452 1257 576 1312 Bibrax.
620 1256 679 1311 The
696 1258 784 1311 Remi
798 1257 928 1312 advance
944 1258 1065 1327 against
1081 1255 1129 1310 his
1146 1260 1238 1327 camp.

255 1366 309 1432 Εό
329 1368 372 1433 de
391 1366 505 1433 media
524 1377 628 1433 nocte
648 1365 775 1432 Caesar
793 1367 904 1432 isdem
925 1364 1071 1431 ducibus
1091 1369 1173 1430 [rsus
1193 1369 1252 1450 qui
1288 1359 1309 1430 7

181 1476 295 1541 mantii
310 1476 353 1541 ab
369 1476 463 1542 iccio
478 1483 658 1554 vonerant,
677 1475 849 1541 Numidas
866 1486 899 1541 et
917 1473 1038 1542 Cratas
1053 1474 1252 1560 sagittarios

181 1595 217 1650 et
239 1584 431 1651 lunditbras
455 1586 614 1651 Baleares
636 1584 792 1650 subsidio
815 1584 999 1668 oppidanis
1021 1582 1143 1662 mittit;
1165 1588 1251 1667 qua-

181 1716 259 1760 rum
284 1696 435 1761 adventii
461 1705 495 1760 et
520 1694 641 1759 Ramis
666 1715 746 1759 cum
772 1700 833 1778 spa
859 1692 1069 1759 dalansianis
1095 1691 1248 1758 studium
1270 1721 1301 1759 10

181 1804 429 1889 propugnandi
447 1804 601 1881 accessit,
620 1814 655 1870 et
672 1803 832 1869 hostibus
850 1803 971 1869 eadem
990 1802 1033 1868 da
1052 1809 1155 1869 causa
1173 1808 1250 1887 spas

179 1911 344 1998 potiundi
361 1912 481 1997 oppidi
499 1911 666 1978 discessit.
710 1912 833 1996 Itaque
851 1911 1024 1996 paulisper
1041 1910 1134 1996 apud
1152 1909 1250 1996 oppi-

181 2023 266 2087 dum
290 2028 415 2096 morati
437 2028 611 2106 agrosque
635 2022 829 2087 Remorum
851 2020 1064 2104 dapopulati,
1089 2019 1251 2085 omnibus

179 2136 265 2196 vicis
280 2129 512 2215 aedificiisque
528 2137 598 2216 quo
614 2131 708 2197 adtre
725 2139 924 2214 potuerant,
941 2129 1099 2208 incansis,
1116 2129 1160 2194 ad
1177 2149 1249 2194 eas-

180 2249 237 2304 tra
255 2238 410 2305 Caesaris
429 2239 592 2306 omnibus
611 2240 720 2325 copiis
739 2240 997 2306 contenderunt
1018 2249 1052 2304 et
1073 2245 1093 2304 a
1112 2238 1250 2304 milibus
1269 2268 1298 2319 ις

182 2369 347 2434 passuum
367 2349 481 2414 minus
500 2349 638 2414 duobus
657 2360 771 2414 castra
790 2354 1000 2432 posuierunt3
1019 2367 1108 2431 quae
1126 2331 1249 2424 castra:

183 2468 222 2523 ut
243 2457 340 2523 lamo
360 2469 467 2543 atque
486 2458 627 2543 ignibus
648 2457 921 2543 significabatur,
944 2456 1092 2543 amplius
1113 2455 1251 2522 milibus

180 2587 346 2650 passuum
363 2586 436 2632 vrrr
454 2568 488 2632 in
507 2567 728 2633 latitudinem
746 2568 925 2652 patebant.

403 2732 511 2786 Caesar
528 2733 710 2804 stretgthens
727 2731 775 2786 dis
793 2733 1026 2787 abtrenchments.

252 2837 378 2906 Caesar
398 2846 511 2924 primo
532 2850 566 2906 et
588 2852 733 2925 propter
754 2840 1017 2906 multitudinem
1038 2839 1194 2907 hostium
1215 2850 1249 2906 et
1267 2847 1289 2912 8

182 2960 326 3034 propter
351 2949 515 3015 eximiam
541 2950 743 3034 opinionem
769 2949 910 3015 virtutis
935 2949 1068 3034 proelio
1095 2971 1249 3034 superse·
1268 2978 1301 3015 ao

181 3059 263 3125 dare
288 3058 422 3137 statuit;
448 3059 576 3125 cotIdie
601 3071 718 3125 tamen
744 3059 962 3144 equestribus
989 3059 1139 3142 proeliis,
1166 3056 1248 3141 quid

182 3166 295 3233 hostis
324 3169 455 3234 virtflte
485 3179 602 3253 posset
633 3182 667 3235 et
699 3169 781 3254 quid
812 3176 923 3235 nostri
953 3170 1132 3248 auderent,
1163 3174 1250 3253 peri-

182 3276 379 3343 clitabatur.
431 3277 500 3342 Ubi
522 3285 663 3345 nostros
683 3286 754 3344 non
773 3301 847 3345 esse
867 3279 1047 3345 inferiores
1067 3277 1248 3356 intellexit,

183 3387 263 3452 loeo
287 3393 350 3470 pra
374 3395 493 3452 castris
516 3389 559 3453 ad
582 3388 691 3454 aciem
714 3388 953 3454 instruendam
977 3394 1100 3454 natiua
1124 3409 1252 3472 oppor-

182 3500 271 3560 timo
298 3507 402 3581 atque
428 3495 566 3573 idoneo,
596 3499 689 3582 quod
706 3497 745 3576 ‚is
772 3497 878 3575 collis,
907 3497 966 3563 ubi
994 3508 1107 3564 castra
1136 3497 1251 3581 posita
1269 3527 1300 3578 25

181 3615 278 3670 erant
309 3605 487 3688 paululum
518 3628 562 3671 ex
593 3605 734 3690 planitie
764 3606 888 3684 editus,
920 3618 1055 3672 tantum
1086 3606 1250 3672 adversus

183 3712 218 3777 in
244 3712 468 3780 latitadinem
493 3716 646 3800 patebat,
673 3726 846 3800 quantum
871 3718 939 3782 loci
964 3716 1054 3782 scias
1078 3721 1252 3782 instrficta

182 3829 355 3922 occupare
381 3835 527 3907 poterat,
553 3837 658 3909 atque
684 3847 728 3890 ex
756 3831 903 3907 utraque
929 3835 1025 3908 parte
1052 3824 1167 3890 lateris
1192 3825 1250 3890 da-

179 3938 291 3998 iectus
320 3923 469 3998 habebat
498 3944 532 3998 et
563 3932 596 3997 in
626 3933 740 3998 fronte
769 3933 892 3999 laniter
921 3933 1104 4018 fastigatus
1135 3934 1250 4017 paula·
