3014 4452
534 387 651 438 LIBER
677 387 741 440 Vll.
768 387 851 440 CAP.
875 386 988 454 63-65.
1235 401 1298 468 209

230 563 411 630 Romanos
433 564 631 648 prohibere3
653 571 765 648 aequo
788 564 895 630 modo
917 563 1034 629 animo
1057 584 1118 628 sua
1140 562 1205 646 ipsi
1226 561 1295 627 frti-

227 683 345 738 menta
377 683 614 757 corrumpant,
649 673 872 759 aedificiaque
905 672 1109 751 incendant;
1143 678 1211 757 qua
1245 677 1294 737 rei

227 781 402 847 familiaris
426 781 561 848 iactura
585 793 794 867 perpetuum
819 781 1002 867 imperium
1027 782 1293 866 libertatemque

228 896 264 956 se
289 896 454 975 consequi
479 891 630 956 videant.

298 999 365 1064 His
390 999 588 1066 constitutis
614 1001 716 1066 rebus
743 1001 900 1067 Haeduis
927 1000 1207 1086 Segusiauisque,
1235 1006 1326 1085 quis

227 1119 307 1175 sunt
327 1109 465 1175 imitimi
483 1109 692 1193 provinciae,
712 1129 737 1174 x
756 1103 853 1175 milia
868 1109 1025 1194 peditum
1045 1099 1206 1194 impe'rat3
1226 1111 1294 1175 huc

225 1218 319 1284 addit
334 1219 466 1303 equites
483 1239 583 1286 Dece.
635 1219 702 1285 His
716 1219 870 1304 praeficit
886 1219 1027 1286 fratrem
1042 1220 1294 1305 Eporedorigis

226 1328 423 1411 bellumque
437 1327 562 1394 inierre
578 1328 829 1413 Allobrogibus
846 1329 950 1394 iubet.
1000 1329 1121 1396 Altera
1136 1351 1182 1396 ex
1197 1337 1294 1414 parte

228 1436 378 1503 Gabalos
402 1438 652 1522 proximosque
676 1444 788 1524 pagos
811 1440 1051 1505 Arvernorum
1075 1439 1110 1504 in
1136 1439 1293 1516 Helvios

225 1546 308 1612 item
330 1547 489 1613 Rutenos
511 1547 758 1633 Cadurcosque
778 1550 821 1614 ad
843 1549 930 1616 fines
951 1550 1142 1617 Volcarum
1162 1551 1293 1616 Areco-
1314 1569 1345 1606 ¹0

225 1656 395 1722 micorum
415 1657 680 1742 depopulandos
699 1643 815 1723 mittit.
867 1659 986 1725 Nihilo
1005 1659 1120 1725 minus
1140 1660 1294 1725 clandes-

224 1772 306 1831 tinis
322 1767 452 1833 nuntiis
469 1767 772 1852 legationibusque
789 1769 1000 1854 Allobrogas
1018 1769 1189 1848 sollicitat,
1207 1775 1293 1854 quo-

225 1896 301 1941 rum
317 1882 452 1942 mentes
467 1878 625 1942 nondum
640 1879 683 1943 ab
698 1877 876 1962 superiere
891 1880 981 1945 bello
997 1878 1163 1945 resedisse
1179 1885 1293 1963 spera-

224 1985 292 2051 bat.
343 1985 484 2052 Horum
503 1986 716 2071 principibus
734 1988 909 2072 pecunias,
928 1995 1030 2055 civati
1049 1999 1166 2054 autem
1185 1989 1293 2073 impe-

226 2094 315 2160 rium
332 2102 441 2162 totius
458 2096 656 2180 provinciae
675 2097 866 2181 pollicetur.
1313 2117 1341 2166 1⁵

478 2307 585 2360 Caesar
601 2306 684 2359 sends
693 2307 751 2378 sor
771 2306 897 2360 German
916 2306 1043 2378 cavalry.

295 2439 351 2504 Ad
369 2440 434 2505 hos
451 2447 573 2506 omnes
591 2447 692 2506 casus
710 2447 848 2523 provisa
866 2450 962 2506 erant
982 2439 1151 2524 praesidia
1169 2439 1292 2505 cohor·
1309 2436 1352 2520 65

226 2548 314 2614 tium
334 2549 481 2614 duarum
503 2559 536 2615 et
559 2569 621 2626 xx,
643 2570 732 2632 quae
752 2570 796 2614 ex
817 2549 891 2632 ipsa
910 2556 1031 2614 coacta
1052 2548 1230 2633 provincia
1242 2549 1292 2614 ab

227 2654 266 2721 L.
281 2655 427 2722 Caesare
440 2657 557 2740 legato
571 2656 613 2720 ad
627 2661 750 2721 omnes
763 2662 878 2740 partes
892 2656 1168 2740 opponebantur.
1208 2656 1293 2721 Hel-

225 2765 271 2831 vii
285 2771 347 2832 sua
361 2777 487 2850 sponte
502 2787 581 2831 cum
597 2764 752 2830 linitimis
767 2765 900 2850 proelio
915 2773 1093 2850 congressi
1107 2766 1292 2850 pelluntur,

226 2883 260 2939 et
281 2872 319 2940 C.
341 2873 482 2940 Valerio
504 2873 762 2951 Domnotauro,
785 2872 912 2939 Caburi
933 2868 1191 2957 filio,'principe
1213 2872 1293 2939 civi·
1312 2898 1344 2934 20

225 2982 317 3060 tatia,
334 2981 642 3067 compluribusque
658 2982 731 3048 aliis
749 2981 947 3060 interiectis,
966 2983 1055 3048 intra
1073 2982 1202 3066 oppida
1219 2988 1293 3048 mu-

226 3098 353 3176 rosque
379 3093 645 3176 compelluntur.
694 3093 906 3177 Allobroges
931 3093 1059 3158 crebris
1084 3093 1126 3158 ad
1154 3092 1294 3158 Rhoda-

226 3222 311 3266 num
328 3200 506 3285 dispositis
523 3201 700 3285 praesidiis
716 3208 846 3287 magna
863 3225 942 3268 cum
961 3208 1042 3268 cura
1059 3212 1092 3268 et
1113 3201 1293 3287 diligentia

227 3317 309 3377 suos
328 3310 415 3375 fines
435 3320 589 3376 tuentur.
640 3309 776 3390 Caesar,
799 3313 893 3396 quod
914 3313 1035 3377 hostes
1055 3311 1216 3396 equitatu
1238 3335 1292 3378 su-

228 3418 380 3504 periores
405 3441 478 3486 esse
504 3419 740 3506 intellegebat,
768 3431 802 3486 et
829 3420 1024 3487 interclusis
1050 3421 1213 3487 omnibus
1239 3422 1292 3488 iti·
1312 3447 1342 3496 25

229 3529 367 3595 neribus
394 3531 488 3597 milla
515 3537 551 3596 re
578 3552 623 3595 ex
650 3529 828 3614 provincia
856 3541 962 3615 atque
992 3531 1095 3596 Italia
1122 3531 1293 3598 sublevari

229 3650 380 3724 poterat,
407 3646 503 3706 trans
531 3639 694 3704 Rhenum
720 3638 755 3703 in
782 3637 1003 3704 Germaniam
1030 3640 1139 3706 mittit
1166 3640 1209 3706 ad
1236 3648 1294 3707 eas

229 3858 272 3923 ab
289 3859 342 3925 his
359 3856 500 3924 arcessit
519 3867 553 3922 et
572 3856 656 3922 levis
673 3861 868 3922 armaturae
885 3857 1029 3941 pedites,
1049 3865 1109 3943 qui
1127 3859 1218 3925 inter
1235 3864 1294 3926 eris

229 3965 390 4051 proeliari
417 3971 638 4032 consuerant.
701 3964 835 4030 Ebrum
863 3966 1027 4045 adventu,
1056 3967 1151 4052 quod
1180 3968 1295 4034 minus
1315 3997 1348 4047 ³0
