3014 4452
229 350 289 397 212
621 339 734 392 BELLI
760 339 918 392 GALLICI

230 535 298 598 que
318 515 487 593 hostibus
509 519 604 602 quod
626 517 793 602 equitatu,
815 524 884 603 qua
905 517 1058 583 maxime}
1079 527 1176 602 parte
1198 538 1295 585 exer·

229 623 318 688 citus
341 624 575 703 cunfidebant,
600 638 696 692 erant
720 628 820 710 pulsi,
845 627 1049 692 adhortatus
1073 625 1116 692 ad
1140 627 1294 694 laburem

229 733 354 799 milites
371 734 524 800 Alesiam
542 735 801 802 circumvullare
817 735 977 802 instituit.

578 908 762 976 Descriptzun
780 908 816 978 of
829 907 939 961 Alesia.

167 1013 210 1098 69
300 1015 419 1099 Ipsum
450 1026 522 1081 erat
552 1016 722 1100 oppidum
752 1017 787 1081 in
817 1017 904 1082 colle
935 1024 1073 1083 summu
1104 1018 1294 1085 admodum

194 1145 207 1194 5
227 1124 321 1190 {editu
339 1125 427 1202 locu,
446 1136 484 1190 ut
501 1125 564 1191 nisi
583 1125 763 1192 obsidiune
780 1130 976 1210 expugnari
993 1133 1064 1193 nun
1082 1150 1184 1212 posse
1201 1129 1294 1194 vidu-

228 1240 331 1299 retur.
382 1234 489 1300 Cuius
505 1235 601 1300 collis
616 1236 748 1301 rudIces
763 1235 835 1300 duo
851 1235 985 1301 duabus
1001 1258 1046 1302 ex
1061 1237 1215 1321 partibus
1232 1237 1294 1303 flu·

226 1343 320 1408 mina
337 1345 553 1410 subluebant.
603 1346 697 1409 Ante
715 1344 884 1428 oppidum
903 1346 1062 1430 planities
1080 1345 1214 1413 circiter
1230 1353 1293 1412 mi-

227 1451 271 1517 lia
295 1473 459 1536 passuum
486 1473 532 1518 111
558 1454 592 1518 in
619 1453 877 1538 longitudinem
903 1455 1057 1539 patebat;
1084 1456 1223 1541 reliquis
1248 1478 1292 1522 ex

226 1561 389 1627 omnibus
403 1561 557 1645 partibus
572 1563 687 1640 colles,
702 1564 869 1629 mediocri
885 1563 1065 1630 interiectu
1082 1564 1204 1648 spatici,
1220 1571 1294 1649 pari

177 1695 208 1732 10
225 1670 415 1736 altitudinis
447 1670 586 1756 lastigii>
617 1672 786 1756 oppidum
817 1672 1014 1758 cingebant.
1076 1673 1148 1740 Sub
1179 1679 1292 1752 muru,

226 1801 314 1864 quae
329 1801 407 1864 pars
422 1779 518 1845 collis
534 1780 576 1846 ad
592 1781 763 1846 orientem
780 1783 889 1847 sulem
905 1783 1094 1866 spectubat,
1109 1783 1202 1848 hunc
1218 1805 1292 1848 om-

225 1911 304 1956 nem
324 1891 441 1955 locum
462 1889 582 1973 cupiae
604 1889 782 1956 Gallurum
804 1893 1074 1976 compleverant,
1095 1892 1292 1977 fossamque

224 2011 258 2066 et
285 1998 469 2066 muceriam
496 1999 531 2064 in
557 1999 775 2065 altitudinem
802 2019 841 2064 vr
869 2000 999 2084 pedum
1026 1999 1290 2084 praeduxerant.

227 2092 312 2175 iiius
336 2109 550 2187 munitiunis,
575 2130 663 2192 quae
687 2109 729 2173 ab
755 2108 924 2173 Rumunis
947 2109 1203 2189 instituebatur,
1229 2109 1292 2176 cir-

176 2242 204 2293 15
225 2220 339 2285 cuitus
364 2239 405 2284 XI
430 2218 524 2284 milia
549 2239 712 2303 passuum
738 2219 887 2284 tenebat.
939 2218 1060 2286 Castra
1084 2226 1291 2304 opportunis

225 2331 309 2394 locis
325 2339 421 2394 erant
437 2328 551 2413 posita
565 2347 637 2392 V111
655 2327 862 2412 castellaque
878 2347 979 2392 xxm
996 2327 1099 2407 iacta;
1116 2328 1241 2413 quibus
1256 2328 1292 2393 in

225 2440 372 2505 castellis
394 2437 546 2504 interdiu
570 2437 738 2503 stationes
761 2438 990 2521 puniebantur,
1015 2445 1058 2503 ne
1081 2459 1149 2524 qua
1172 2437 1289 2506 subitu

224 2549 362 2634 eruptiu
384 2548 494 2626 fieret;
515 2548 599 2613 haec
620 2547 741 2612 eadem
762 2551 869 2612 noctu
891 2546 1153 2612 excubituribus
1173 2553 1213 2612 ac
1235 2547 1291 2613 ur-

224 2666 289 2724 mis
305 2658 481 2744 praesidiis
497 2657 714 2722 tenebantur.

287 2829 386 2884 Battle
403 2829 439 2901 os*
453 2827 573 2898 cavalry
590 2843 625 2880 on
644 2827 692 2881 the
703 2825 800 2897 platin.
844 2827 903 2882 The
916 2827 1005 2882 Gauls
1021 2827 1104 2898 badly
1121 2828 1225 2881 beaten.

164 2952 206 3022 70
295 2941 413 3025 Opere
432 2938 594 3003 instituti>
615 2936 652 3001 fit
673 2946 832 3020 equestre
852 2937 1002 3020 prolium
1022 2935 1057 3000 in
1078 2942 1119 3001 eu
1138 2937 1290 3020 planitiei,

224 3072 328 3136 quam
345 3048 576 3115 intermissam
592 3047 737 3113 collibus
754 3047 819 3112 tria
835 3046 927 3110 milia
945 3066 1109 3130 passuum
1126 3045 1161 3111 in
1179 3045 1291 3131 longi·

223 3160 381 3225 tudinem
399 3164 516 3242 patere
535 3163 638 3241 supru
656 3155 981 3222 demunstravimus.
1032 3155 1178 3221 Summi
1196 3161 1229 3220 vi
1248 3156 1290 3222 ab

223 3274 378 3353 utrisque
414 3267 646 3332 contenditur.
709 3247 965 3330 Laburantibus
1001 3271 1129 3328 nostris
1166 3263 1292 3330 Caesar

224 3376 418 3444 Germanus
438 3375 610 3442 submittit
630 3375 855 3459 legiunesque
876 3377 939 3456 pru
959 3379 1079 3437 castris
1099 3371 1290 3450 cunstituit,

173 3517 203 3566 2⁵
225 3493 267 3554 ne
287 3509 355 3572 qua
374 3485 492 3552 subiti)
512 3483 667 3567 inruptis)
686 3483 729 3548 ab
749 3482 905 3547 hostium
925 3482 1085 3565 peditatu
1106 3483 1178 3548 fiat.

294 3595 470 3661 Praesidiu
489 3593 668 3677 legiunum
687 3590 806 3656 additu
826 3596 954 3655 nostris
973 3591 1109 3656 animus
1128 3598 1291 3677 augetur:

225 3708 342 3772 hostes
360 3705 395 3769 in
414 3703 534 3788 lugam
553 3700 701 3766 coniecti
719 3705 754 3765 se
773 3699 838 3782 ipsi
856 3699 1079 3766 multitudine
1098 3700 1290 3785 impediunt

226 3826 329 3898 atque
357 3810 618 3896 angustiuribus
645 3815 755 3893 portis
782 3809 909 3873 relictis
937 3819 1146 3876 coartantur.
1209 3809 1291 3877 Ger-

224 3928 318 3989 mani
338 3917 450 3986 ucrius
470 3924 579 4002 usque
599 3917 641 3983 ad
662 3917 876 3982 munitiunes
896 3929 1098 4003 sequuntur.
1145 3919 1201 3987 Fit
1221 3927 1292 3987 mu·
