3044 4442
532 370 650 423 cruere
677 371 711 424 v.
737 372 821 424 cnr.
845 385 958 439 44-45.
1226 391 1279 455 131

215 548 329 614 tidnes
359 569 516 634 quaeque
546 570 624 633 pars
654 549 810 616 hostium
840 549 1094 615 cuniertissima
1124 561 1176 616 est
1207 557 1280 618 visa

216 657 393 742 inrumpit.

285 766 340 833 Ne
364 766 692 864 Vorenus'quidem
716 775 791 834 sese
815 779 890 834 tum
914 769 1006 835 vallo
1030 768 1197 847 continet,
1220 770 1280 836 sed

214 875 371 941 omnium
394 876 523 942 veritus
545 877 839 943 existinn'ttidnem
862 877 1094 962 subsequitur.
1145 877 1281 945 Medio-

215 990 263 1048 cri
284 983 397 1068 spatis)
419 985 539 1050 relicti>
562 985 663 1051 Pullo
684 987 793 1070 pilum
814 986 849 1051 in
870 986 989 1052 hostes
1011 986 1156 1053 inmittit
1176 996 1280 1072 atque
1298 1017 1313 1066 5

215 1099 324 1157 [mum
349 1113 394 1158 ex
419 1093 641 1160 multitudine
667 1101 931 1178 procurrentem
956 1095 1084 1174 traicit3
1109 1102 1180 1179 qud
1205 1117 1281 1181 per·

215 1208 317 1268 cussd
341 1213 374 1269 et
400 1203 600 1268 exanimati)
625 1203 718 1269 hunc
744 1209 850 1268 scutis
875 1209 1065 1289 prutegunt
1090 1206 1219 1284 hostes,
1245 1205 1280 1270 in

215 1311 310 1377 illum
336 1311 487 1378 universi
513 1312 580 1378 tela
604 1312 757 1379 ediciunt
784 1335 896 1398 neque
921 1315 1004 1380 dant
1032 1314 1278 1400 prdgrediendi

215 1420 428 1487 iacultitem.
474 1421 711 1507 Trimsfigitur
731 1427 873 1489 scutum
897 1422 1035 1489 Pullc'mi
1057 1433 1093 1489 et
1116 1429 1280 1489 verutum

214 1529 248 1593 in
267 1530 382 1595 balted
400 1529 574 1614 defigitur.
624 1529 762 1596 Avertit
780 1530 836 1595 hic
854 1537 954 1596 casus
972 1537 1135 1615 viginem
1154 1540 1188 1597 et
1208 1531 1279 1615 gia·
1300 1563 1331 1599 ιο

213 1637 309 1703 dium
325 1638 472 1704 educere
489 1645 630 1704 cenanti
649 1638 808 1704 dextram
827 1645 983 1704 morietur
1000 1659 1154 1716 manum,
1173 1639 1280 1723 impe-

212 1748 393 1831 ditumque
410 1748 528 1812 hostes
544 1747 812 1813 circumsistunt.
862 1746 1040 1814 Succurrit
1057 1747 1216 1813 inimicus
1233 1747 1280 1812 illi

214 1855 376 1922 Vorenus
392 1867 426 1922 et
443 1857 613 1922 labdranti
629 1856 800 1922 subvenit.

283 1965 338 2029 Ad
362 1966 454 2030 hunc
477 1971 514 2031 se
536 1964 720 2031 cuniestim
741 1971 761 2030 5
784 1965 930 2030 Pulldne
953 1964 1067 2030 omnis
1090 1963 1279 2030 multitud&

212 2075 383 2140 convertit
409 2074 522 2158 [illum
541 2081 664 2140 veruti)
682 2074 890 2140 transfixum
909 2073 1150 2159 arbitrantur}
1201 2074 1279 2140 Gla·
1301 2108 1329 2156 ις

213 2183 271 2249 (1ίό
290 2179 486 2249 comminus
504 2204 576 2249 rem
595 2181 686 2268 gerit
704 2182 867 2249 Vorenus
884 2193 988 2267 atque
1007 2189 1078 2248 und
1096 2182 1280 2249 interiecti)

214 2292 364 2376 reliquds
386 2293 528 2376 paulum
551 2292 726 2376 prdpellit3
748 2292 834 2357 dum
855 2291 1014 2376 cupidius
1034 2297 1150 2370 instat,
1172 2292 1208 2357 in
1230 2294 1280 2358 lo-

212 2423 293 2467 cum
308 2401 461 2467 deiectus
475 2401 674 2466 inieridrem
689 2401 850 2467 concidit.
892 2400 986 2467 Huic
1002 2407 1119 2467 rursus
1135 2401 1279 2468 circum·

213 2516 318 2577 ventc')
331 2509 523 2576 subsidium
537 2509 601 2576 fert
617 2510 729 2587 Pulld,
743 2521 847 2593 atque
861 2510 965 2576 ambs)
980 2509 1171 2577 incolumes
1185 2531 1280 2577 corn-

214 2619 370 2704 pluribus
387 2618 576 2684 interiectis
594 2623 730 2683 summai
749 2639 829 2683 cum
848 2618 947 2683 laude
966 2623 1041 2684 sese
1059 2618 1149 2685 intrat
1168 2625 1280 2685 muni·
1299 2647 1332 2686 πο

213 2728 326 2794 tidnes
347 2727 527 2811 recipiunt.
577 2725 634 2792 Sic
655 2725 796 2791 fortuna
814 2725 849 2790 in
870 2728 1095 2793 contentidne
1117 2739 1151 2793 et
1172 2735 1281 2794 certit-

213 2837 306 2903 mine
325 2848 512 2920 utrumque
530 2834 677 2901 versavit
697 2845 735 2900 ut
753 2835 953 2901 alteralteri
971 2834 1131 2901 inimicus
1149 2836 1280 2902 auxilii>

214 2946 385 3030 salutique
400 2955 490 3011 esset
508 2966 620 3029 neque
636 2943 816 3010 diiudicari
832 2955 950 3029 posset
968 2955 1047 3010 uter
1063 2951 1131 3011 utri
1147 2944 1279 3012 virtute

214 3055 457 3122 anteferendus
478 3054 662 3120 videretur.

348 3258 546 3331 Insormatzim
558 3258 594 3329 os
602 3257 651 3312 the
662 3257 774 3330 danger
785 3262 819 3311 at
830 3258 888 3312 last
899 3257 1014 3312 reaches
1028 3259 1143 3312 Caesar.

284 3398 428 3483 Quanti)
449 3409 521 3464 erat
541 3397 668 3464 indies
687 3397 828 3481 gravior
846 3407 950 3482 atque
970 3397 1124 3481 asperior
1143 3402 1280 3483 oppug-
1298 3416 1341 3485 45

213 3507 322 3587 nstin,
340 3519 374 3575 et
394 3507 555 3585 maxime,
574 3507 670 3592 quod
689 3512 817 3593 magni
835 3518 931 3592 parte
949 3507 1101 3573 militum
1120 3506 1281 3573 cdniectei

213 3617 413 3683 vulneribus
438 3623 491 3682 res
515 3616 559 3682 ad
583 3615 794 3700 paucitatem
819 3614 1041 3681 defensurum
1066 3621 1280 3698 pervenerat,

214 3733 313 3793 tants]
334 3725 524 3793 crebridres
544 3725 676 3791 litterae
696 3724 878 3808 nuntiique
899 3724 941 3789 ad
964 3723 1145 3791 Caesarem
1166 3723 1281 3790 mitte·

213 3835 354 3914 bantur;
375 3841 525 3920 qudrum
546 3855 624 3917 pars
643 3833 858 3917 dEprehe'ensa
878 3832 912 3897 in
934 3839 1123 3918 cdnspectu
1146 3838 1281 3899 nostri)-

213 3965 292 4010 rum
306 3944 455 4010 militum
470 3964 551 4009 cum
565 3941 720 4008 cruciatu
735 3943 934 4008 necibaitur.
984 3941 1069 4008 Erat
1084 3947 1173 4010 finus
1189 3942 1281 4008 intus
1301 3972 1333 4024 ³0
