3044 4442
515 357 633 412 LIBER
660 359 709 414 1v.
734 359 817 414 CAP.
847 359 956 425 17-18.
1229 379 1267 446 91

271 537 459 604 Ratianem
476 539 593 622 pontis
609 539 698 605 hanc
713 540 872 606 instituit.
913 540 1028 625 Tigna
1044 541 1124 607 bina
1140 539 1269 624 sesqui-

203 645 337 732 pedalia
354 647 496 730 paulum
514 648 557 713 ab
573 654 646 713 imo
664 655 861 733 praeactita,
880 650 1036 722 dimensa
1053 651 1097 716 ad
1115 650 1270 718 altitadi-

201 775 282 820 nem
300 754 452 820 flaminis
469 755 650 822 intervalla
669 757 799 842 pedum
817 759 968 825 duarum
986 759 1077 826 inter
1094 765 1130 825 se
1148 758 1269 844 iunge-

202 865 271 931 bat.
323 865 423 931 Haec
449 886 530 931 cum
556 866 871 933 machinationibus
897 868 1050 934 immissa
1076 869 1110 933 in
1138 868 1268 934 flamen

201 974 370 1042 defixerat
391 975 600 1060 lestacisque
620 977 795 1062 adegerat,
818 984 889 1043 non
911 978 1061 1044 sublicae
1081 979 1189 1044 moda
1210 980 1301 1052 dee-5

201 1091 294 1150 recte
323 1085 367 1150 ad
397 1086 694 1169 perpendiculum,
726 1087 786 1153 sed
817 1093 927 1170 prane
956 1094 996 1153 ac
1026 1086 1198 1173 fastigata
1230 1099 1268 1154 ut

201 1194 393 1260 secundum
423 1201 582 1260 naturam
612 1195 764 1261 fluminis
794 1198 1074 1280 procumberent,
1106 1204 1154 1263 eis
1184 1198 1268 1264 item

150 1362 160 1376 .
201 1305 373 1371 contraria
403 1306 475 1371 dua
504 1307 547 1372 ad
579 1307 729 1372 eundem
761 1307 907 1372 modum
939 1301 1057 1373 ianc'ta
1087 1308 1268 1374 intervallo

202 1415 331 1499 pedum
361 1414 626 1500 quadragenum
655 1416 697 1481 ab
727 1414 888 1482 inferiore
919 1429 1015 1500 parte
1046 1424 1168 1483 contra
1199 1417 1268 1483 virn

201 1535 305 1609 atque
338 1525 508 1609 impetum
542 1525 693 1591 fluminis
726 1547 894 1592 conversa
926 1529 1109 1593 statuebat.
1169 1528 1267 1594 Haec
1288 1559 1319 1594 ιο

200 1648 345 1718 utraque
356 1641 500 1718 insuper
512 1634 728 1718 bipedalibus
743 1636 898 1702 trabibus
912 1636 1084 1715 immissis
1098 1649 1267 1722 quantum

200 1751 321 1811 earum
336 1751 517 1831 tignorum
530 1745 691 1811 lanctara
705 1745 870 1824 distabat,
885 1747 974 1812 binis
988 1747 1164 1832 utrimque
1179 1748 1267 1814 fibu-

200 1860 239 1924 lis
267 1860 310 1925 ab
339 1865 497 1926 extrema
526 1869 623 1943 parte
652 1857 920 1936 distinebantur;
957 1858 1083 1941 quibus
1111 1859 1268 1924 disclusis

199 1979 303 2052 atque
321 1969 356 2033 in
375 1969 585 2035 contrariam
604 1979 738 2052 partem
757 1967 929 2046 revinctis,
948 1979 1044 2034 tanta
1062 1978 1134 2035 erat
1152 1969 1267 2053 operis

202 2078 381 2144 lirmitadri
407 2089 512 2163 atque
540 2100 579 2144 ea
607 2085 722 2145 rerum
751 2084 874 2145 natura
901 2088 950 2156 ut,
978 2084 1049 2163 qua
1077 2079 1188 2145 maior
1215 2086 1267 2146 vis
1288 2106 1316 2154 ις

198 2214 308 2278 aquae
335 2201 372 2261 se
400 2195 622 2272 incitavisset,
652 2195 719 2261 hoc
747 2195 854 2261 artius
883 2193 1027 2279 inligata
1055 2200 1265 2261 tenerentur.

204 2301 301 2368 Haec
321 2304 460 2369 derecta
479 2305 623 2370 materia
643 2305 768 2372 iniecta
786 2305 1065 2371 contexebantur
1084 2310 1124 2370 ac
1143 2305 1268 2388 longu-

201 2415 258 2480 riis
282 2415 504 2502 cratibusque
530 2419 856 2496 cansternebantur;
881 2423 921 2483 ac
947 2416 1054 2482 nihilo
1081 2415 1193 2483 setius
1211 2437 1266 2481 su·

200 2524 309 2593 blicae
333 2515 367 2592 et
392 2525 435 2592 ad
459 2527 658 2593 inferiorem
684 2538 818 2612 partem
844 2527 995 2592 flaminis
1020 2528 1161 2612 oblique
1185 2531 1265 2611 age-

200 2637 335 2714 bantur,
358 2660 446 2724 quae
469 2646 533 2723 pra
555 2640 661 2707 ariete
684 2641 858 2706 subiectae
880 2651 914 2706 et
938 2660 1018 2705 curn
1041 2643 1138 2703 omni
1161 2657 1266 2721 opere
1286 2657 1319 2693 20

198 2748 405 2817 conianctae
420 2750 491 2816 vim
508 2749 660 2816 flaminis
676 2749 890 2834 exciperent;
908 2759 941 2815 et
959 2748 1044 2814 aliae
1061 2748 1144 2815 item
1163 2752 1267 2831 supra

199 2870 343 2940 pontem
373 2859 541 2925 mediocri
569 2860 692 2944 spatio,
723 2871 771 2936 ut,
801 2866 829 2924 si
857 2860 1022 2925 arborum
1051 2864 1166 2924 trunci
1195 2863 1266 2923 sive

199 2974 303 3034 naves
318 2969 488 3034 deiciendi
502 2969 616 3054 operis
632 2975 735 3035 causa
749 2979 863 3035 essent
879 2975 898 3034 a
914 2970 1067 3034 barbaris
1082 2967 1266 3042 immissae,

198 3077 251 3142 his
265 3078 505 3145 defensaribus
520 3086 638 3145 earum
654 3086 770 3145 rerum
786 3085 837 3143 vis
853 3078 1068 3144 minueretur
1083 3099 1150 3144 neu
1166 3082 1267 3163 ponti

199 3194 374 3254 nocerent.
1285 3205 1315 3254 ²5

501 3294 608 3348 Caesar
619 3311 722 3348 crosses
734 3295 795 3348 tarto
807 3293 959 3364 Germany.

269 3402 402 3469 Diebus
425 3422 461 3481 x,
484 3404 609 3488 quibus
632 3404 775 3470 materia
798 3414 922 3487 coepta
945 3414 1016 3468 erat
1040 3407 1263 3486 comportari,
1285 3411 1325 3476 18

199 3519 296 3576 omni
322 3533 428 3596 opere
455 3513 582 3579 effecta
610 3514 783 3579 exercitus
811 3513 1013 3579 traducitur.
1068 3512 1193 3578 Caesar
1221 3511 1264 3577 ad

197 3631 381 3706 utramque
398 3634 530 3705 partem
548 3623 664 3706 pontis
680 3622 782 3687 firme
799 3621 970 3705 praesidia
989 3621 1109 3688 relicta
1126 3621 1161 3687 in
1179 3621 1265 3688 lines

199 3729 477 3815 Sugambrorum
493 3730 683 3796 contendit.
734 3729 879 3796 Interim
895 3737 916 3797 a
932 3731 1169 3815 complaribus
1186 3729 1266 3796 civi-

199 3841 328 3907 tatibus
353 3842 396 3907 ad
424 3862 504 3908 eum
531 3843 637 3926 legati
662 3841 821 3920 veniunt;
858 3841 984 3926 quibus
1011 3846 1132 3925 pacem
1160 3851 1264 3925 atque
1284 3867 1317 3917 ³0

197 3951 385 4018 amicitiam
411 3950 609 4036 petentibus
634 3951 820 4017 liberaliter
843 3951 1031 4035 respondet
1056 3950 1264 4035 obsidesque
