3044 4442
553 375 671 432 LIBER
698 377 749 433 111.
776 377 859 433 CAP.
888 392 998 447 19-22.
1269 392 1307 461 75

244 556 379 622 auxiliis
401 554 628 641 equitatuque
650 564 865 642 comparati),
888 559 1006 624 multis
1029 565 1206 642 praeterea
1228 557 1308 623 viris

244 666 392 732 fortibus
416 665 546 732 Toldsa
571 677 605 732 et
630 665 825 732 Carcasdne
850 677 884 733 et
910 667 1087 744 Narbone,
1113 689 1201 751 quae
1227 678 1306 732 sunt

242 776 398 842 civitates
428 775 558 842 Galliae
588 774 786 866 previnciae
816 775 983 842 finitimae
1013 776 1065 840 his
1096 775 1306 861 regidnibus,

241 884 447 950 numinatim
462 891 626 962 evocatis,
642 884 677 949 in
692 884 879 952 Sutiatium
893 884 980 950 fines
995 884 1187 950 exercitum
1202 885 1309 950 intrd-

241 995 352 1060 duxit.
399 994 506 1062 Cuius
527 993 679 1060 adventu
701 993 846 1079 cdgnitr‘)
868 993 1020 1060 Setiates
1041 1000 1178 1079 magnis
1199 994 1308 1079 cdpiis
1327 1013 1341 1062 5

241 1112 372 1172 coactis
389 1104 629 1192 equitatuque,
648 1111 719 1190 qus)
736 1104 925 1191 plurimum
941 1104 1112 1182 valebant,
1132 1104 1166 1168 in
1184 1103 1306 1170 itinere

240 1237 367 1302 agmen
382 1226 542 1282 nostrum
556 1216 670 1282 adorti
684 1221 835 1301 primum
851 1225 1011 1299 equestre
1026 1214 1196 1299 proelium
1212 1235 1306 1280 com·

242 1333 424 1404 miserunt;
444 1326 569 1395 deinde
587 1325 745 1410 equitatu
765 1330 830 1390 sui)
851 1325 952 1410 puisi)
972 1336 1076 1408 atque
1095 1323 1306 1407 insequenti·

241 1437 305 1501 bus
322 1442 449 1501 nostris
466 1436 582 1501 subiti)
600 1436 776 1521 pedestres
794 1434 923 1518 cupias,
941 1438 1027 1518 quas
1046 1433 1080 1498 in
1098 1434 1253 1499 convalle
1271 1433 1305 1498 in

241 1544 372 1610 insidiis
396 1546 674 1621 conlocaverant‚
699 1543 937 1610 ostenderunt.
989 1543 1037 1607 Hi
1064 1548 1202 1608 nostrus
1227 1542 1305 1607 disi·
1328 1571 1358 1606 ιο

240 1659 336 1720 εοῒόε
351 1652 463 1720 adorti
478 1653 648 1738 proelium
665 1659 886 1718 renovarunt.

477 1843 539 1896 But
549 1841 614 1914 they
624 1859 677 1896 are
688 1842 821 1915 defeated
829 1842 893 1896 and
901 1843 1064 1896 surrender.

309 1976 511 2062 Pugnatum
527 1985 580 2041 est
594 1974 653 2040 diu
668 1984 774 2059 atque
789 1975 923 2052 acriter,
939 1996 1019 2040 eum
1036 1974 1187 2043 Sdtiates
1203 1996 1303 2061 supe·
1322 1999 1362 2050 21

240 2086 387 2152 riaribus
407 2085 560 2152 victeriis
581 2084 658 2150 ireti
680 2084 713 2149 in
734 2090 796 2150 sua
816 2084 944 2151 virtute
966 2091 1074 2150 tatius
1096 2085 1304 2168 Aquitaniae

240 2196 385 2260 salutem
405 2193 554 2278 positam
575 2200 751 2278 putarent3
777 2199 888 2258 nostri
908 2204 1024 2260 autem
1046 2194 1129 2278 quid
1149 2193 1222 2260 sine
1243 2194 1304 2260 im-

240 2310 399 2389 peratdre
418 2315 451 2370 et
470 2303 543 2370 sine
562 2303 701 2388 reliquis
720 2303 916 2389 legidnibus
936 2304 1196 2370 adulescentuli)
1216 2305 1304 2370 dure
1326 2336 1354 2384 ις
1406 2349 1410 2356 -

239 2413 373 2480 efficere
388 2423 529 2497 possent
544 2413 690 2498 perspici
703 2423 885 2496 cuperent;
911 2413 1052 2479 tandem
1068 2413 1217 2480 cdniecti
1232 2415 1304 2479 vul·

240 2523 379 2589 neribus
400 2523 518 2588 hostes
541 2533 640 2607 terga
661 2529 849 2588 verterunt.
899 2523 1062 2608 Quarum
1087 2529 1218 2609 magnei
1241 2544 1304 2589 nu-

240 2639 336 2699 meri)
356 2631 537 2698 interiecti)
558 2631 701 2698 Crassus
721 2653 765 2696 ex
785 2631 906 2699 itinere
927 2632 1096 2717 oppidum
1117 2632 1304 2700 Satiatium

238 2747 444 2826 oppugnare
460 2739 585 2824 coepit.
626 2740 765 2825 Quibus
781 2740 918 2807 iortiter
933 2742 1171 2808 resistentibus
1186 2749 1304 2810 vineas

188 2855 190 2860 '
239 2857 419 2934 turresque
450 2850 532 2935 egit.
588 2850 652 2927 Illi,
682 2849 764 2916 alias
794 2851 978 2936 eruptir'me
1010 2857 1191 2936 temptata,
1222 2853 1304 2918 aliis
1323 2881 1356 2917 20

239 2961 406 3026 cuniculis
426 2960 469 3025 ad
491 2981 656 3045 aggerem
678 2966 866 3045 vineasque
887 2962 1131 3039 actis—euius
1153 2968 1202 3027 rei
1222 2973 1303 3027 sunt

238 3071 344 3156 longe
359 3069 557 3154 peritissimi
572 3070 752 3153 Aquitani,
769 3077 954 3155 propterea
971 3071 1066 3154 quod
1084 3072 1202 3136 multis
1220 3073 1304 3137 loeis

238 3178 329 3264 apud
361 3185 421 3245 eris
453 3179 602 3245 aerariae
634 3185 860 3264 secturaeque
892 3180 1091 3258 sunt,-ubi
1124 3181 1303 3266 diligentia

237 3296 438 3355 nostrr'nurn
462 3288 545 3353 nihil
570 3289 623 3354 his
646 3289 749 3354 rebus
772 3289 894 3374 prefici
917 3311 1019 3375 posse
1042 3290 1301 3370 intellexerunt,

240 3398 374 3484 iegatds
396 3399 439 3464 ad
465 3398 628 3464 Crassum
653 3398 808 3474 mittunt,
834 3405 939 3484 seque
965 3399 999 3464 in
1025 3400 1238 3467 deditifmem
1264 3413 1302 3467 ut
1323 3429 1353 3479 25

238 3508 388 3592 recipiat,
406 3517 540 3593 petunt.
583 3508 664 3593 Qua
680 3515 717 3575 re
734 3508 929 3594 impetrata,
946 3530 1041 3576 arma
1057 3511 1193 3578 tradere
1210 3510 1302 3589 iussi,

237 3615 375 3684 iaciunt.
1276 3597 1284 3612 ⁶

555 3720 614 3776 The
628 3721 766 3783 Soldurii,
779 3719 815 3776 ον’
826 3722 987 3778 Comrades.

304 3849 422 3934 Atque
441 3849 474 3916 in
493 3869 569 3914 eam
587 3869 660 3914 rem
678 3848 836 3914 omnium
854 3856 1053 3916 nostrerum
1073 3850 1214 3917 intentis
1231 3851 1301 3917 ani·
1320 3868 1363 3920 22

235 3964 312 4035 mis,
328 3959 393 4024 alia
409 3979 454 4024 ex
471 3969 568 4042 parte
585 3957 705 4041 oppidi
723 3957 955 4035 Adiatunnus,
973 3965 1033 4042 qui
1049 3981 1221 4025 summam
1239 3960 1301 4024 im-
