3044 4442
543 332 659 385 imm<
686 332 733 384 ιν.
761 333 844 384 cAP.
872 345 947 396 2-4.
1119 343 1121 348 ¹
1238 333 1277 410 83

212 511 290 576 dem
310 510 457 595 generis,
478 521 558 576 sunt
579 517 702 576 ceteris
722 511 955 588 humenieres,
976 515 1160 595 propteree
1180 507 1275 593 quod

213 619 374 684 Rhenum
411 599 600 705 attingunt,
628 620 848 703 multumque
885 620 928 684 ad
967 626 1027 684 ees
1066 623 1276 684 merceteres

211 729 392 808 ventitant,
412 739 447 794 et
468 728 533 813 ipsi
554 739 697 814 propter
717 728 1013 813 propinquitatem
1036 727 1174 794 Gallicis
1195 737 1275 793 sunt

210 837 365 903 moribus
379 836 577 904 adsuefacti.
618 836 697 904 Hes
711 858 792 903 cum
808 836 915 904 Suebi
929 837 1046 902 multis
1061 857 1163 922 saepe
1178 836 1275 902 bellis

211 952 345 1030 experti
368 957 512 1031 propter
534 946 799 1031 amplititdinem
824 945 1101 1032 gravitatemque
1127 945 1308 1019 civitetiss

211 1055 336 1119 finibus
356 1055 528 1139 expellere
549 1062 620 1121 nen
641 1055 846 1140 potuissent,
867 1066 984 1122 tamen
1004 1054 1192 1140 vectigeles
1211 1053 1274 1120 sibi

212 1164 367 1230 lecerunt
393 1170 433 1230 ec
461 1166 572 1231 multe
599 1165 800 1232 humilieres
826 1165 1105 1249 infirmitiresque
1132 1163 1275 1248 redege-

211 1283 300 1338 runt.
367 1328 371 1340 .

462 1380 490 1433 T
485 1378 521 1432 he
534 1379 675 1433 Germans
688 1396 810 1450 conquaer
821 1379 870 1434 the
884 1380 1028 1450 Menapii.

280 1501 321 1565 In
339 1501 460 1567 eedem
479 1507 583 1567 cause
601 1502 739 1568 luerunt
759 1501 923 1586 Usipetes
942 1513 976 1567 et
995 1501 1167 1579 Tencteri,
1186 1507 1275 1585 ques
1293 1516 1314 1581 4

212 1616 314 1694 suprzi
339 1610 506 1688 diximus;
532 1616 591 1695 qui
618 1612 815 1695 complures
841 1617 951 1676 annes
979 1610 1177 1677 Sueberum
1204 1611 1274 1675 vim
1296 1636 1326 1672 ιο

210 1719 462 1798 sustinuerunt;
495 1719 537 1784 ad
570 1726 766 1785 extremum
800 1730 917 1785 tamen
948 1725 1040 1805 agris
1073 1719 1208 1803 expulsi
1240 1729 1274 1783 et

211 1829 328 1893 multis
352 1830 436 1894 locis
460 1828 665 1894 Germeniae
689 1828 877 1894 triennium
901 1834 1018 1913 vageti
1042 1828 1084 1893 ad
1111 1827 1274 1893 Rhenum

211 1945 453 2022 pervenerunt,
482 1944 567 2022 ques
595 1938 755 2023 regienes
783 1938 938 2023 Menapii
965 1937 1172 2003 incolebant.
1225 1936 1274 2001 Hi

210 2048 253 2114 ad
277 2060 459 2131 utramque
482 2055 592 2131 ripam
618 2048 769 2113 fluminis
791 2054 906 2132 agres,
931 2046 1087 2113 aedificia
1109 2052 1274 2130 vicesque

210 2156 397 2234 habebant;
414 2157 473 2223 sed
491 2168 607 2223 tantae
623 2156 855 2222 multitridinis
872 2157 1023 2222 adventii
1042 2155 1214 2240 perterriti
1230 2178 1274 2221 ex
1296 2181 1324 2230 15

209 2271 257 2330 eiS
274 2265 448 2342 aedificiis,
466 2287 554 2350 quae
574 2272 668 2331 trens
688 2265 817 2330 flumen
837 2266 1039 2343 habuerant,
1058 2264 1274 2349 demigreve-

210 2386 285 2440 rant
317 2385 351 2440 et
382 2375 430 2440 cis
464 2374 627 2441 Rhenum
660 2374 836 2459 dispositis
870 2373 1048 2459 praesidiis
1081 2373 1274 2442 Germenes

209 2490 353 2550 trimsire
372 2484 612 2568 prohibebant.

278 2594 332 2658 llli
345 2593 463 2659 omnia
475 2600 620 2678 experti,
636 2615 716 2660 cum
730 2615 843 2678 neque
856 2599 891 2659 vi
905 2593 1116 2660 contendere
1132 2604 1275 2678 propter

209 2703 362 2786 inopiam
380 2703 519 2767 nevium
538 2725 650 2788 neque
669 2703 757 2769 clam
776 2709 920 2769 trensire
937 2713 1082 2787 propter
1098 2704 1273 2769 ctistediris
1293 2725 1326 2762 ιο

211 2812 455 2896 Menapibrum
471 2823 624 2896 possent,
642 2819 767 2879 reverti
784 2819 820 2879 se
836 2811 871 2877 in
887 2819 966 2879 suas
982 2812 1082 2878 sedes
1098 2812 1274 2897 regienes-

208 2943 275 3004 que
291 2921 540 2988 simuleverunt
556 2934 589 2988 et
607 2922 711 2988 tridui
728 2919 820 2988 viam
836 2928 1012 3007 pregressi
1028 2928 1145 2989 rursus
1162 2944 1274 2990 rever-

208 3036 324 3096 terunt
341 3041 456 3115 atque,
474 3037 570 3096 omni
587 3031 653 3097 hoc
672 3031 793 3097 itinere
810 3037 879 3098 tine
896 3043 1000 3098 nocte
1017 3030 1174 3116 equitetti
1192 3038 1274 3097 cen-

211 3139 312 3218 lecte‚
336 3139 464 3206 inscies
489 3140 778 3225 inopinantesque
805 3141 989 3225 Menapies
1015 3146 1273 3225 oppresserunt,

207 3255 265 3333 qui
280 3250 323 3315 de
336 3248 592 3315 Germemerum
607 3249 760 3317 discessu
775 3271 836 3334 per
850 3250 1092 3334 explereteres
1108 3249 1273 3318 certieres
1293 3274 1323 3324 25

209 3358 288 3424 lacti
303 3358 376 3424 sine
393 3365 489 3425 metti
506 3365 601 3426 trens
619 3359 784 3426 Rhenum
800 3359 835 3424 in
853 3365 936 3425 sues
951 3365 1047 3426 vices
1065 3359 1274 3445 remigreve-

209 3478 295 3533 rant.
354 3467 421 3533 His
455 3467 643 3534 interiectis
678 3469 893 3553 neribusque
926 3475 1048 3535 eerum
1084 3474 1273 3554 occupetis

210 3577 411 3661 priusquam
436 3599 475 3644 ea
499 3600 577 3662 pars
602 3578 859 3662 Menapierum,
885 3599 973 3662 quae
998 3577 1085 3645 citre
1110 3578 1273 3644 Rhenum

209 3697 291 3764 erat,
313 3687 440 3752 certior
461 3686 568 3766 fieret,
590 3687 720 3752 llirmen
741 3686 951 3752 trinsierunt
972 3697 1088 3770 atque,
1111 3688 1274 3754 omnibus

209 3802 330 3861 cerum
352 3796 515 3862 aedificiis
536 3801 726 3880 occupetis
748 3794 914 3879 reliquam
936 3806 1069 3879 partem
1093 3796 1215 3862 hiemis
1237 3803 1274 3862 se
1294 3836 1327 3885 ³0

208 3911 331 3971 cerum
350 3905 459 3989 cepiis
476 3905 645 3971 aluerunt.
