<?xml version="1.0" encoding="UTF-8"?>
<!DOCTYPE html PUBLIC "-//W3C//DTD XHTML 1.0 Transitional//EN"
    "http://www.w3.org/TR/xhtml1/DTD/xhtml1-transitional.dtd">
<html xmlns="http://www.w3.org/1999/xhtml" xml:lang="en" lang="en">
 <head>
  <title>
</title>
<meta http-equiv="Content-Type" content="text/html;charset=utf-8" />
  <meta name='ocr-system' content='tesseract 3.04.00' />
  <meta name='ocr-capabilities' content='ocr_page ocr_carea ocr_par ocr_line ocrx_word'/>
</head>
<body>
  <div class='ocr_page' id='page_1' title='image "./civlicaesarisde00westgoog_0242.png"; bbox 0 0 3044 4442; ppageno 0'>
   <div class='ocr_carea' id='block_1_1' title="bbox 247 362 929 442">
    <p class='ocr_par' dir='ltr' id='par_1_1' title="bbox 247 362 929 442">
     <span class='ocr_line' id='line_1_1' title="bbox 247 362 929 442; baseline -0.013 -19"><span class='ocrx_word' id='word_1_1' title='bbox 247 377 306 442; x_wconf 87' lang='lat'>134</span> <span class='ocrx_word' id='word_1_2' title='bbox 631 362 744 414; x_wconf 76' lang='lat' dir='ltr'>ssim</span> <span class='ocrx_word' id='word_1_3' title='bbox 771 363 929 416; x_wconf 83' lang='lat' dir='ltr'>GALL1c1</span> 
     </span>
    </p>
   </div>
   <div class='ocr_carea' id='block_1_2' title="bbox 192 539 1308 2804">
    <p class='ocr_par' dir='ltr' id='par_1_2' title="bbox 192 539 1308 2804">
     <span class='ocr_line' id='line_1_2' title="bbox 243 539 1307 606; baseline 0.001 -2"><span class='ocrx_word' id='word_1_4' title='bbox 243 549 340 604; x_wconf 88' lang='lat' dir='ltr'>erant</span> <span class='ocrx_word' id='word_1_5' title='bbox 362 545 494 605; x_wconf 91' lang='lat' dir='ltr'>armata</span> <span class='ocrx_word' id='word_1_6' title='bbox 516 540 651 606; x_wconf 84' lang='lat' dir='ltr'>circiter</span> <span class='ocrx_word' id='word_1_7' title='bbox 672 539 766 605; x_wconf 92' lang='lat' dir='ltr'>milia</span> <span class='ocrx_word' id='word_1_8' title='bbox 788 559 847 605; x_wconf 82' lang='lat' dir='ltr'>Lx.</span> <span class='ocrx_word' id='word_1_9' title='bbox 898 539 1020 606; x_wconf 91' lang='lat' dir='ltr'>Cicero</span> <span class='ocrx_word' id='word_1_10' title='bbox 1043 540 1123 605; x_wconf 91' lang='lat' dir='ltr'>data</span> <span class='ocrx_word' id='word_1_11' title='bbox 1146 539 1307 605; x_wconf 87' lang='lat' dir='ltr'>lacultate</span> 
     </span>
     <span class='ocr_line' id='line_1_3' title="bbox 243 647 1305 735; baseline 0.001 -21"><span class='ocrx_word' id='word_1_12' title='bbox 243 647 383 714; x_wconf 90' lang='lat' dir='ltr'>Gallum</span> <span class='ocrx_word' id='word_1_13' title='bbox 404 650 447 714; x_wconf 90' lang='lat' dir='ltr'>ab</span> <span class='ocrx_word' id='word_1_14' title='bbox 469 649 592 715; x_wconf 92' lang='lat' dir='ltr'>eodem</span> <span class='ocrx_word' id='word_1_15' title='bbox 614 649 814 729; x_wconf 85' lang='lat' dir='ltr'>Verticone,</span> <span class='ocrx_word' id='word_1_16' title='bbox 838 671 942 734; x_wconf 93' lang='lat' dir='ltr'>quem</span> <span class='ocrx_word' id='word_1_17' title='bbox 964 656 1066 735; x_wconf 89' lang='lat' dir='ltr'>supra</span> <span class='ocrx_word' id='word_1_18' title='bbox 1089 651 1305 715; x_wconf 81' lang='lat' dir='ltr'>demonstra-</span> 
     </span>
     <span class='ocr_line' id='line_1_4' title="bbox 242 751 1308 841; baseline 0 -19"><span class='ocrx_word' id='word_1_19' title='bbox 242 756 365 834; x_wconf 70' lang='lat' dir='ltr'>vimus</span> <span class='ocrx_word' id='word_1_20' title='bbox 383 757 508 840; x_wconf 90' lang='lat' dir='ltr'>repetit</span> <span class='ocrx_word' id='word_1_21' title='bbox 525 764 584 841; x_wconf 94' lang='lat' dir='ltr'>qui</span> <span class='ocrx_word' id='word_1_22' title='bbox 601 757 731 823; x_wconf 89' lang='lat' dir='ltr'>litteras</span> <span class='ocrx_word' id='word_1_23' title='bbox 748 757 791 823; x_wconf 91' lang='lat' dir='ltr'>ad</span> <span class='ocrx_word' id='word_1_24' title='bbox 811 757 993 824; x_wconf 87' lang='lat' dir='ltr'>Caesarem</span> <span class='ocrx_word' id='word_1_25' title='bbox 1011 751 1150 823; x_wconf 80' lang='lat' dir='ltr'>dolerat.</span> <span class='ocrx_word' id='word_1_26' title='bbox 1201 756 1308 822; x_wconf 88' lang='lat' dir='ltr'>Hune</span> 
     </span>
     <span class='ocr_line' id='line_1_5' title="bbox 241 866 1306 952; baseline 0 -21"><span class='ocrx_word' id='word_1_27' title='bbox 241 866 407 933; x_wconf 87' lang='lat' dir='ltr'>admonet</span> <span class='ocrx_word' id='word_1_28' title='bbox 437 867 502 932; x_wconf 92' lang='lat' dir='ltr'>iter</span> <span class='ocrx_word' id='word_1_29' title='bbox 533 873 633 932; x_wconf 75' lang='lat' dir='ltr'>cauto</span> <span class='ocrx_word' id='word_1_30' title='bbox 663 866 917 952; x_wconf 87' lang='lat' dir='ltr'>diligenterque</span> <span class='ocrx_word' id='word_1_31' title='bbox 949 866 1059 932; x_wconf 87' lang='lat' dir='ltr'>[aciat.</span> <span class='ocrx_word' id='word_1_32' title='bbox 1121 866 1306 932; x_wconf 91' lang='lat' dir='ltr'>Perscribit</span> 
     </span>
     <span class='ocr_line' id='line_1_6' title="bbox 211 975 1307 1059; baseline 0.001 -21"><span class='ocrx_word' id='word_1_33' title='bbox 211 1000 223 1049; x_wconf 84' lang='lat'><strong>5</strong></span> <span class='ocrx_word' id='word_1_34' title='bbox 244 975 277 1039; x_wconf 93' lang='lat' dir='ltr'>in</span> <span class='ocrx_word' id='word_1_35' title='bbox 300 975 421 1041; x_wconf 91' lang='lat' dir='ltr'>litteris</span> <span class='ocrx_word' id='word_1_36' title='bbox 444 976 562 1041; x_wconf 80' lang='lat' dir='ltr'>hostes</span> <span class='ocrx_word' id='word_1_37' title='bbox 584 977 627 1041; x_wconf 92' lang='lat' dir='ltr'>ab</span> <span class='ocrx_word' id='word_1_38' title='bbox 650 981 686 1041; x_wconf 77' lang='lat' dir='ltr'>sa</span> <span class='ocrx_word' id='word_1_39' title='bbox 709 975 904 1041; x_wconf 89' lang='lat' dir='ltr'>discessisse</span> <span class='ocrx_word' id='word_1_40' title='bbox 926 997 1137 1059; x_wconf 80' lang='lat' dir='ltr'>omnemque</span> <span class='ocrx_word' id='word_1_41' title='bbox 1161 975 1204 1041; x_wconf 93' lang='lat' dir='ltr'>ad</span> <span class='ocrx_word' id='word_1_42' title='bbox 1227 996 1307 1041; x_wconf 94' lang='lat' dir='ltr'>eum</span> 
     </span>
     <span class='ocr_line' id='line_1_7' title="bbox 241 1083 1307 1169; baseline 0.002 -21"><span class='ocrx_word' id='word_1_43' title='bbox 241 1083 500 1150; x_wconf 83' lang='lat' dir='ltr'>multitodinem</span> <span class='ocrx_word' id='word_1_44' title='bbox 518 1084 739 1150; x_wconf 91' lang='lat' dir='ltr'>convertisse.</span> <span class='ocrx_word' id='word_1_45' title='bbox 790 1084 928 1169; x_wconf 81' lang='lat' dir='ltr'>Quibus</span> <span class='ocrx_word' id='word_1_46' title='bbox 946 1085 1067 1150; x_wconf 89' lang='lat' dir='ltr'>litteris</span> <span class='ocrx_word' id='word_1_47' title='bbox 1085 1084 1220 1150; x_wconf 84' lang='lat' dir='ltr'>circiter</span> <span class='ocrx_word' id='word_1_48' title='bbox 1237 1105 1307 1150; x_wconf 94' lang='lat' dir='ltr'>me-</span> 
     </span>
     <span class='ocr_line' id='line_1_8' title="bbox 243 1192 1306 1277; baseline 0 -20"><span class='ocrx_word' id='word_1_49' title='bbox 243 1192 299 1258; x_wconf 91' lang='lat' dir='ltr'>dia</span> <span class='ocrx_word' id='word_1_50' title='bbox 318 1204 421 1259; x_wconf 90' lang='lat' dir='ltr'>nocte</span> <span class='ocrx_word' id='word_1_51' title='bbox 443 1193 568 1259; x_wconf 87' lang='lat' dir='ltr'>Caesar</span> <span class='ocrx_word' id='word_1_52' title='bbox 587 1192 709 1258; x_wconf 80' lang='lat' dir='ltr'>adlatis</span> <span class='ocrx_word' id='word_1_53' title='bbox 730 1199 812 1258; x_wconf 90' lang='lat' dir='ltr'>suos</span> <span class='ocrx_word' id='word_1_54' title='bbox 831 1193 910 1259; x_wconf 91' lang='lat' dir='ltr'>lacit</span> <span class='ocrx_word' id='word_1_55' title='bbox 931 1193 1095 1259; x_wconf 80' lang='lat' dir='ltr'>certiores</span> <span class='ocrx_word' id='word_1_56' title='bbox 1114 1199 1243 1277; x_wconf 90' lang='lat' dir='ltr'>eosque</span> <span class='ocrx_word' id='word_1_57' title='bbox 1263 1193 1306 1259; x_wconf 93' lang='lat' dir='ltr'>ad</span> 
     </span>
     <span class='ocr_line' id='line_1_9' title="bbox 243 1299 824 1367; baseline 0 -1"><span class='ocrx_word' id='word_1_58' title='bbox 243 1301 479 1366; x_wconf 92' lang='lat' dir='ltr'>dimicandum</span> <span class='ocrx_word' id='word_1_59' title='bbox 496 1299 613 1367; x_wconf 85' lang='lat' dir='ltr'>anir&#39;no</span> <span class='ocrx_word' id='word_1_60' title='bbox 631 1301 824 1367; x_wconf 85' lang='lat' dir='ltr'>conlirmat.</span> 
     </span>
     <span class='ocr_line' id='line_1_10' title="bbox 312 1411 1308 1496; baseline 0.001 -20"><span class='ocrx_word' id='word_1_61' title='bbox 312 1412 459 1477; x_wconf 91' lang='lat' dir='ltr'>Postero</span> <span class='ocrx_word' id='word_1_62' title='bbox 473 1411 529 1476; x_wconf 77' lang='lat' dir='ltr'>dia</span> <span class='ocrx_word' id='word_1_63' title='bbox 543 1412 619 1477; x_wconf 84' lang='lat' dir='ltr'>loce</span> <span class='ocrx_word' id='word_1_64' title='bbox 632 1417 744 1496; x_wconf 88' lang='lat' dir='ltr'>prima</span> <span class='ocrx_word' id='word_1_65' title='bbox 758 1421 876 1476; x_wconf 92' lang='lat' dir='ltr'>movet</span> <span class='ocrx_word' id='word_1_66' title='bbox 891 1422 1002 1477; x_wconf 88' lang='lat' dir='ltr'>castra</span> <span class='ocrx_word' id='word_1_67' title='bbox 1017 1422 1051 1477; x_wconf 91' lang='lat' dir='ltr'>et</span> <span class='ocrx_word' id='word_1_68' title='bbox 1066 1411 1200 1477; x_wconf 91' lang='lat' dir='ltr'>circiter</span> <span class='ocrx_word' id='word_1_69' title='bbox 1215 1412 1308 1477; x_wconf 93' lang='lat' dir='ltr'>milia</span> 
     </span>
     <span class='ocr_line' id='line_1_11' title="bbox 195 1510 1307 1604; baseline 0.001 -21"><span class='ocrx_word' id='word_1_70' title='bbox 195 1549 225 1584; x_wconf 92' lang='lat'>10</span> <span class='ocrx_word' id='word_1_71' title='bbox 243 1541 407 1604; x_wconf 89' lang='lat' dir='ltr'>passuum</span> <span class='ocrx_word' id='word_1_72' title='bbox 429 1538 492 1584; x_wconf 93' lang='lat'>1111</span> <span class='ocrx_word' id='word_1_73' title='bbox 515 1526 719 1603; x_wconf 88' lang='lat' dir='ltr'>progressus</span> <span class='ocrx_word' id='word_1_74' title='bbox 740 1525 836 1585; x_wconf 92' lang='lat' dir='ltr'>trans</span> <span class='ocrx_word' id='word_1_75' title='bbox 856 1519 979 1585; x_wconf 90' lang='lat' dir='ltr'>vallem</span> <span class='ocrx_word' id='word_1_76' title='bbox 1001 1530 1035 1584; x_wconf 93' lang='lat' dir='ltr'>et</span> <span class='ocrx_word' id='word_1_77' title='bbox 1058 1510 1170 1585; x_wconf 77' lang='lat' dir='ltr'>riuum</span> <span class='ocrx_word' id='word_1_78' title='bbox 1193 1520 1307 1586; x_wconf 93' lang='lat' dir='ltr'>multi-</span> 
     </span>
     <span class='ocr_line' id='line_1_12' title="bbox 241 1628 1306 1715; baseline 0.002 -21"><span class='ocrx_word' id='word_1_79' title='bbox 241 1630 399 1695; x_wconf 78' lang='lat' dir='ltr'>tudinem</span> <span class='ocrx_word' id='word_1_80' title='bbox 413 1629 568 1694; x_wconf 89' lang='lat' dir='ltr'>hostium</span> <span class='ocrx_word' id='word_1_81' title='bbox 583 1629 815 1712; x_wconf 90' lang='lat' dir='ltr'>conspicatur.</span> <span class='ocrx_word' id='word_1_82' title='bbox 867 1628 951 1694; x_wconf 89' lang='lat' dir='ltr'>Erat</span> <span class='ocrx_word' id='word_1_83' title='bbox 966 1635 1084 1714; x_wconf 86' lang='lat' dir='ltr'>magni</span> <span class='ocrx_word' id='word_1_84' title='bbox 1097 1631 1238 1715; x_wconf 92' lang='lat' dir='ltr'>periculi</span> <span class='ocrx_word' id='word_1_85' title='bbox 1252 1636 1306 1696; x_wconf 77' lang='lat' dir='ltr'>res</span> 
     </span>
     <span class='ocr_line' id='line_1_13' title="bbox 242 1738 1306 1824; baseline 0.001 -20"><span class='ocrx_word' id='word_1_86' title='bbox 242 1739 387 1805; x_wconf 91' lang='lat' dir='ltr'>tantulis</span> <span class='ocrx_word' id='word_1_87' title='bbox 401 1739 510 1824; x_wconf 90' lang='lat' dir='ltr'>copiis</span> <span class='ocrx_word' id='word_1_88' title='bbox 525 1738 645 1823; x_wconf 92' lang='lat' dir='ltr'>iniquo</span> <span class='ocrx_word' id='word_1_89' title='bbox 661 1739 740 1804; x_wconf 89' lang='lat' dir='ltr'>loeo</span> <span class='ocrx_word' id='word_1_90' title='bbox 756 1738 933 1816; x_wconf 92' lang='lat' dir='ltr'>dimicare;</span> <span class='ocrx_word' id='word_1_91' title='bbox 959 1749 1045 1817; x_wconf 90' lang='lat' dir='ltr'>tum,</span> <span class='ocrx_word' id='word_1_92' title='bbox 1063 1738 1227 1823; x_wconf 85' lang='lat' dir='ltr'>quoniam</span> <span class='ocrx_word' id='word_1_93' title='bbox 1243 1739 1306 1805; x_wconf 93' lang='lat' dir='ltr'>ob-</span> 
     </span>
     <span class='ocr_line' id='line_1_14' title="bbox 242 1847 1307 1932; baseline 0.001 -19"><span class='ocrx_word' id='word_1_94' title='bbox 242 1847 376 1914; x_wconf 88' lang='lat' dir='ltr'>sidione</span> <span class='ocrx_word' id='word_1_95' title='bbox 396 1848 580 1916; x_wconf 91' lang='lat' dir='ltr'>liberatum</span> <span class='ocrx_word' id='word_1_96' title='bbox 600 1847 804 1914; x_wconf 88' lang='lat' dir='ltr'>Ciceronem</span> <span class='ocrx_word' id='word_1_97' title='bbox 825 1847 966 1927; x_wconf 80' lang='lat' dir='ltr'>sciebat,</span> <span class='ocrx_word' id='word_1_98' title='bbox 988 1854 1100 1932; x_wconf 89' lang='lat' dir='ltr'>aequo</span> <span class='ocrx_word' id='word_1_99' title='bbox 1120 1848 1236 1914; x_wconf 93' lang='lat' dir='ltr'>animo</span> <span class='ocrx_word' id='word_1_100' title='bbox 1257 1871 1307 1915; x_wconf 92' lang='lat' dir='ltr'>re-</span> 
     </span>
     <span class='ocr_line' id='line_1_15' title="bbox 242 1955 1307 2041; baseline -0.001 -19"><span class='ocrx_word' id='word_1_101' title='bbox 242 1957 452 2023; x_wconf 91' lang='lat' dir='ltr'>mittendum</span> <span class='ocrx_word' id='word_1_102' title='bbox 470 1957 513 2023; x_wconf 79' lang='lat' dir='ltr'>da</span> <span class='ocrx_word' id='word_1_103' title='bbox 532 1957 707 2023; x_wconf 91' lang='lat' dir='ltr'>celeritate</span> <span class='ocrx_word' id='word_1_104' title='bbox 725 1957 961 2034; x_wconf 91' lang='lat' dir='ltr'>existimabat;</span> <span class='ocrx_word' id='word_1_105' title='bbox 981 1955 1129 2022; x_wconf 90' lang='lat' dir='ltr'>considit</span> <span class='ocrx_word' id='word_1_106' title='bbox 1150 1966 1183 2022; x_wconf 89' lang='lat' dir='ltr'>et</span> <span class='ocrx_word' id='word_1_107' title='bbox 1203 1978 1307 2041; x_wconf 91' lang='lat' dir='ltr'>quam</span> 
     </span>
     <span class='ocr_line' id='line_1_16' title="bbox 193 2065 1306 2150; baseline -0.003 -16"><span class='ocrx_word' id='word_1_108' title='bbox 193 2097 222 2147; x_wconf 84' lang='lat'>15</span> <span class='ocrx_word' id='word_1_109' title='bbox 241 2066 450 2150; x_wconf 91' lang='lat' dir='ltr'>aequissimo</span> <span class='ocrx_word' id='word_1_110' title='bbox 475 2077 590 2150; x_wconf 89' lang='lat' dir='ltr'>potest</span> <span class='ocrx_word' id='word_1_111' title='bbox 615 2067 694 2132; x_wconf 93' lang='lat' dir='ltr'>loco</span> <span class='ocrx_word' id='word_1_112' title='bbox 719 2075 829 2131; x_wconf 91' lang='lat' dir='ltr'>castra</span> <span class='ocrx_word' id='word_1_113' title='bbox 853 2065 1058 2143; x_wconf 86' lang='lat' dir='ltr'>communit,</span> <span class='ocrx_word' id='word_1_114' title='bbox 1084 2076 1188 2150; x_wconf 87' lang='lat' dir='ltr'>atque</span> <span class='ocrx_word' id='word_1_115' title='bbox 1212 2067 1306 2142; x_wconf 89' lang='lat' dir='ltr'>haec,</span> 
     </span>
     <span class='ocr_line' id='line_1_17' title="bbox 242 2174 1308 2260; baseline -0.004 -18"><span class='ocrx_word' id='word_1_116' title='bbox 242 2183 306 2242; x_wconf 90' lang='lat' dir='ltr'>etsi</span> <span class='ocrx_word' id='word_1_117' title='bbox 320 2186 417 2242; x_wconf 91' lang='lat' dir='ltr'>erant</span> <span class='ocrx_word' id='word_1_118' title='bbox 431 2175 560 2260; x_wconf 87' lang='lat' dir='ltr'>exigua</span> <span class='ocrx_word' id='word_1_119' title='bbox 573 2196 635 2258; x_wconf 91' lang='lat' dir='ltr'>per</span> <span class='ocrx_word' id='word_1_120' title='bbox 648 2181 695 2252; x_wconf 79' lang='lat' dir='ltr'>se,</span> <span class='ocrx_word' id='word_1_121' title='bbox 709 2174 768 2240; x_wconf 87' lang='lat' dir='ltr'>vix</span> <span class='ocrx_word' id='word_1_122' title='bbox 783 2174 965 2238; x_wconf 90' lang='lat' dir='ltr'>hominum</span> <span class='ocrx_word' id='word_1_123' title='bbox 980 2174 1115 2239; x_wconf 89' lang='lat' dir='ltr'>milium</span> <span class='ocrx_word' id='word_1_124' title='bbox 1129 2193 1197 2251; x_wconf 88' lang='lat' dir='ltr'>v11,</span> <span class='ocrx_word' id='word_1_125' title='bbox 1212 2195 1308 2257; x_wconf 91' lang='lat' dir='ltr'>prae-</span> 
     </span>
     <span class='ocr_line' id='line_1_18' title="bbox 242 2283 1308 2368; baseline -0.003 -18"><span class='ocrx_word' id='word_1_126' title='bbox 242 2286 360 2351; x_wconf 92' lang='lat' dir='ltr'>sertim</span> <span class='ocrx_word' id='word_1_127' title='bbox 385 2285 486 2350; x_wconf 82' lang='lat' dir='ltr'>nollis</span> <span class='ocrx_word' id='word_1_128' title='bbox 509 2305 590 2349; x_wconf 90' lang='lat' dir='ltr'>cum</span> <span class='ocrx_word' id='word_1_129' title='bbox 614 2283 881 2368; x_wconf 89' lang='lat' dir='ltr'>impedimentis,</span> <span class='ocrx_word' id='word_1_130' title='bbox 905 2293 1022 2348; x_wconf 91' lang='lat' dir='ltr'>tamen</span> <span class='ocrx_word' id='word_1_131' title='bbox 1045 2283 1215 2367; x_wconf 89' lang='lat' dir='ltr'>angustiis</span> <span class='ocrx_word' id='word_1_132' title='bbox 1238 2283 1308 2348; x_wconf 90' lang='lat' dir='ltr'>via-</span> 
     </span>
     <span class='ocr_line' id='line_1_19' title="bbox 243 2391 1307 2477; baseline -0.004 -17"><span class='ocrx_word' id='word_1_133' title='bbox 243 2416 319 2460; x_wconf 89' lang='lat' dir='ltr'>rum</span> <span class='ocrx_word' id='word_1_134' title='bbox 340 2415 444 2477; x_wconf 92' lang='lat' dir='ltr'>quam</span> <span class='ocrx_word' id='word_1_135' title='bbox 463 2393 616 2459; x_wconf 77' lang='lat' dir='ltr'>maximo</span> <span class='ocrx_word' id='word_1_136' title='bbox 636 2402 750 2476; x_wconf 91' lang='lat' dir='ltr'>potest</span> <span class='ocrx_word' id='word_1_137' title='bbox 771 2391 954 2468; x_wconf 88' lang='lat' dir='ltr'>contrahit,</span> <span class='ocrx_word' id='word_1_138' title='bbox 975 2397 1017 2456; x_wconf 92' lang='lat' dir='ltr'>eo</span> <span class='ocrx_word' id='word_1_139' title='bbox 1038 2392 1194 2470; x_wconf 88' lang='lat' dir='ltr'>consilio,</span> <span class='ocrx_word' id='word_1_140' title='bbox 1215 2402 1252 2457; x_wconf 91' lang='lat' dir='ltr'>ut</span> <span class='ocrx_word' id='word_1_141' title='bbox 1273 2392 1307 2456; x_wconf 91' lang='lat' dir='ltr'>in</span> 
     </span>
     <span class='ocr_line' id='line_1_20' title="bbox 242 2501 1307 2586; baseline -0.003 -17"><span class='ocrx_word' id='word_1_142' title='bbox 242 2525 414 2569; x_wconf 90' lang='lat' dir='ltr'>summam</span> <span class='ocrx_word' id='word_1_143' title='bbox 449 2503 748 2586; x_wconf 76' lang='lat' dir='ltr'>contemptionem</span> <span class='ocrx_word' id='word_1_144' title='bbox 783 2501 941 2566; x_wconf 90' lang='lat' dir='ltr'>hostibus</span> <span class='ocrx_word' id='word_1_145' title='bbox 976 2501 1100 2567; x_wconf 91' lang='lat' dir='ltr'>veniat.</span> <span class='ocrx_word' id='word_1_146' title='bbox 1163 2502 1307 2566; x_wconf 83' lang='lat' dir='ltr'>interim</span> 
     </span>
     <span class='ocr_line' id='line_1_21' title="bbox 192 2611 1306 2697; baseline -0.003 -18"><span class='ocrx_word' id='word_1_147' title='bbox 192 2641 224 2679; x_wconf 84' lang='lat'>20</span> <span class='ocrx_word' id='word_1_148' title='bbox 243 2613 519 2697; x_wconf 79' lang='lat' dir='ltr'>speculatoribus</span> <span class='ocrx_word' id='word_1_149' title='bbox 540 2613 574 2677; x_wconf 92' lang='lat' dir='ltr'>in</span> <span class='ocrx_word' id='word_1_150' title='bbox 597 2618 719 2678; x_wconf 77' lang='lat' dir='ltr'>omnes</span> <span class='ocrx_word' id='word_1_151' title='bbox 742 2618 859 2697; x_wconf 78' lang='lat' dir='ltr'>partos</span> <span class='ocrx_word' id='word_1_152' title='bbox 880 2611 1029 2676; x_wconf 90' lang='lat' dir='ltr'>dimissis</span> <span class='ocrx_word' id='word_1_153' title='bbox 1051 2611 1211 2694; x_wconf 81' lang='lat' dir='ltr'>explorat</span> <span class='ocrx_word' id='word_1_154' title='bbox 1235 2616 1306 2696; x_wconf 90' lang='lat' dir='ltr'>quo</span> 
     </span>
     <span class='ocr_line' id='line_1_22' title="bbox 243 2720 1110 2804; baseline -0.002 -17"><span class='ocrx_word' id='word_1_155' title='bbox 243 2722 525 2789; x_wconf 77' lang='lat' dir='ltr'>commodissime</span> <span class='ocrx_word' id='word_1_156' title='bbox 544 2722 665 2788; x_wconf 88' lang='lat' dir='ltr'>itinere</span> <span class='ocrx_word' id='word_1_157' title='bbox 685 2722 807 2786; x_wconf 91' lang='lat' dir='ltr'>vallem</span> <span class='ocrx_word' id='word_1_158' title='bbox 828 2727 972 2786; x_wconf 89' lang='lat' dir='ltr'>transire</span> <span class='ocrx_word' id='word_1_159' title='bbox 992 2720 1110 2804; x_wconf 91' lang='lat' dir='ltr'>possit.</span> 
     </span>
    </p>
   </div>
   <div class='ocr_carea' id='block_1_3' title="bbox 406 2925 1143 2998">
    <p class='ocr_par' dir='ltr' id='par_1_3' title="bbox 406 2925 1143 2998">
     <span class='ocr_line' id='line_1_23' title="bbox 406 2925 1143 2998; baseline -0.001 -16"><span class='ocrx_word' id='word_1_160' title='bbox 406 2929 454 2982; x_wconf 82' lang='lat' dir='ltr'>He</span> <span class='ocrx_word' id='word_1_161' title='bbox 464 2943 634 2982; x_wconf 82' lang='lat' dir='ltr'>maneuvres</span> <span class='ocrx_word' id='word_1_162' title='bbox 646 2927 705 2998; x_wconf 83' lang='lat' dir='ltr'>sor</span> <span class='ocrx_word' id='word_1_163' title='bbox 722 2942 761 2980; x_wconf 85' lang='lat' dir='ltr'>an</span> <span class='ocrx_word' id='word_1_164' title='bbox 779 2925 994 2995; x_wconf 78' lang='lat' dir='ltr'>advantageous</span> <span class='ocrx_word' id='word_1_165' title='bbox 1008 2927 1143 2996; x_wconf 76' lang='lat' dir='ltr'>position.</span> 
     </span>
    </p>
   </div>
   <div class='ocr_carea' id='block_1_4' title="bbox 184 3063 1311 4032">
    <p class='ocr_par' dir='ltr' id='par_1_4' title="bbox 184 3063 1310 3368">
     <span class='ocr_line' id='line_1_24' title="bbox 184 3063 1310 3175; baseline -0.004 -43"><span class='ocrx_word' id='word_1_166' title='bbox 184 3106 226 3175; x_wconf 78' lang='lat'>50</span> <span class='ocrx_word' id='word_1_167' title='bbox 314 3067 368 3132; x_wconf 89' lang='lat' dir='ltr'>Eo</span> <span class='ocrx_word' id='word_1_168' title='bbox 384 3066 440 3132; x_wconf 79' lang='lat' dir='ltr'>die</span> <span class='ocrx_word' id='word_1_169' title='bbox 456 3066 605 3151; x_wconf 92' lang='lat' dir='ltr'>parvulis</span> <span class='ocrx_word' id='word_1_170' title='bbox 622 3065 839 3149; x_wconf 91' lang='lat' dir='ltr'>equestribus</span> <span class='ocrx_word' id='word_1_171' title='bbox 855 3065 993 3148; x_wconf 91' lang='lat' dir='ltr'>proeliis</span> <span class='ocrx_word' id='word_1_172' title='bbox 1011 3066 1052 3129; x_wconf 93' lang='lat' dir='ltr'>ad</span> <span class='ocrx_word' id='word_1_173' title='bbox 1070 3086 1195 3149; x_wconf 90' lang='lat' dir='ltr'>aquam</span> <span class='ocrx_word' id='word_1_174' title='bbox 1212 3063 1310 3128; x_wconf 91' lang='lat' dir='ltr'>lactis</span> 
     </span>
     <span class='ocr_line' id='line_1_25' title="bbox 245 3172 1310 3259; baseline -0.004 -18"><span class='ocrx_word' id='word_1_175' title='bbox 245 3183 382 3259; x_wconf 90' lang='lat' dir='ltr'>utrique</span> <span class='ocrx_word' id='word_1_176' title='bbox 402 3182 476 3240; x_wconf 78' lang='lat' dir='ltr'>sese</span> <span class='ocrx_word' id='word_1_177' title='bbox 495 3181 558 3240; x_wconf 91' lang='lat' dir='ltr'>suo</span> <span class='ocrx_word' id='word_1_178' title='bbox 578 3175 656 3239; x_wconf 91' lang='lat' dir='ltr'>loco</span> <span class='ocrx_word' id='word_1_179' title='bbox 676 3173 870 3239; x_wconf 90' lang='lat' dir='ltr'>continent:</span> <span class='ocrx_word' id='word_1_180' title='bbox 892 3173 990 3252; x_wconf 89' lang='lat' dir='ltr'>Galli,</span> <span class='ocrx_word' id='word_1_181' title='bbox 1011 3172 1104 3257; x_wconf 92' lang='lat' dir='ltr'>quod</span> <span class='ocrx_word' id='word_1_182' title='bbox 1125 3172 1310 3257; x_wconf 76' lang='lat' dir='ltr'>amplioros</span> 
     </span>
     <span class='ocr_line' id='line_1_26' title="bbox 245 3281 1309 3368; baseline -0.002 -18"><span class='ocrx_word' id='word_1_183' title='bbox 245 3283 362 3368; x_wconf 91' lang='lat' dir='ltr'>copias</span> <span class='ocrx_word' id='word_1_184' title='bbox 384 3306 471 3368; x_wconf 91' lang='lat' dir='ltr'>quae</span> <span class='ocrx_word' id='word_1_185' title='bbox 495 3284 652 3349; x_wconf 90' lang='lat' dir='ltr'>nondum</span> <span class='ocrx_word' id='word_1_186' title='bbox 674 3290 909 3349; x_wconf 78' lang='lat' dir='ltr'>convanerant</span> <span class='ocrx_word' id='word_1_187' title='bbox 934 3283 1200 3367; x_wconf 86' lang='lat' dir='ltr'>exspectabant;</span> <span class='ocrx_word' id='word_1_188' title='bbox 1224 3281 1309 3348; x_wconf 89' lang='lat' dir='ltr'>Cae-</span> 
     </span>
    </p>

    <p class='ocr_par' dir='ltr' id='par_1_5' title="bbox 194 3391 1311 3910">
     <span class='ocr_line' id='line_1_27' title="bbox 194 3391 1310 3481; baseline -0.003 -23"><span class='ocrx_word' id='word_1_189' title='bbox 194 3432 224 3481; x_wconf 81' lang='lat'>²5</span> <span class='ocrx_word' id='word_1_190' title='bbox 245 3415 308 3470; x_wconf 88' lang='lat' dir='ltr'>sar,</span> <span class='ocrx_word' id='word_1_191' title='bbox 329 3400 358 3458; x_wconf 92' lang='lat' dir='ltr'>si</span> <span class='ocrx_word' id='word_1_192' title='bbox 376 3393 465 3457; x_wconf 88' lang='lat' dir='ltr'>forte</span> <span class='ocrx_word' id='word_1_193' title='bbox 484 3392 619 3457; x_wconf 92' lang='lat' dir='ltr'>timoris</span> <span class='ocrx_word' id='word_1_194' title='bbox 639 3391 858 3458; x_wconf 92' lang='lat' dir='ltr'>simulatione</span> <span class='ocrx_word' id='word_1_195' title='bbox 878 3391 995 3457; x_wconf 72' lang='lat' dir='ltr'>hostes</span> <span class='ocrx_word' id='word_1_196' title='bbox 1016 3391 1050 3455; x_wconf 90' lang='lat' dir='ltr'>in</span> <span class='ocrx_word' id='word_1_197' title='bbox 1071 3413 1172 3456; x_wconf 90' lang='lat' dir='ltr'>suum</span> <span class='ocrx_word' id='word_1_198' title='bbox 1193 3391 1310 3456; x_wconf 90' lang='lat' dir='ltr'>locum</span> 
     </span>
     <span class='ocr_line' id='line_1_28' title="bbox 244 3500 1311 3586; baseline -0.005 -18"><span class='ocrx_word' id='word_1_199' title='bbox 244 3502 366 3568; x_wconf 80' lang='lat' dir='ltr'>elicere</span> <span class='ocrx_word' id='word_1_200' title='bbox 380 3511 556 3586; x_wconf 87' lang='lat' dir='ltr'>posset,ut</span> <span class='ocrx_word' id='word_1_201' title='bbox 572 3500 659 3567; x_wconf 92' lang='lat' dir='ltr'>citra</span> <span class='ocrx_word' id='word_1_202' title='bbox 674 3501 797 3567; x_wconf 89' lang='lat' dir='ltr'>vallem</span> <span class='ocrx_word' id='word_1_203' title='bbox 812 3508 875 3586; x_wconf 95' lang='lat' dir='ltr'>pro</span> <span class='ocrx_word' id='word_1_204' title='bbox 889 3508 1011 3568; x_wconf 89' lang='lat' dir='ltr'>castris</span> <span class='ocrx_word' id='word_1_205' title='bbox 1026 3500 1311 3585; x_wconf 89' lang='lat' dir='ltr'>proelioconten-</span> 
     </span>
     <span class='ocr_line' id='line_1_29' title="bbox 245 3607 1310 3693; baseline -0.002 -18"><span class='ocrx_word' id='word_1_206' title='bbox 245 3611 356 3689; x_wconf 92' lang='lat' dir='ltr'>deret;</span> <span class='ocrx_word' id='word_1_207' title='bbox 375 3617 403 3675; x_wconf 94' lang='lat' dir='ltr'>si</span> <span class='ocrx_word' id='word_1_208' title='bbox 421 3610 455 3675; x_wconf 92' lang='lat' dir='ltr'>id</span> <span class='ocrx_word' id='word_1_209' title='bbox 474 3609 609 3675; x_wconf 89' lang='lat' dir='ltr'>efficere</span> <span class='ocrx_word' id='word_1_210' title='bbox 628 3616 698 3674; x_wconf 93' lang='lat' dir='ltr'>non</span> <span class='ocrx_word' id='word_1_211' title='bbox 718 3620 846 3693; x_wconf 88' lang='lat' dir='ltr'>posset,</span> <span class='ocrx_word' id='word_1_212' title='bbox 866 3620 902 3674; x_wconf 91' lang='lat' dir='ltr'>ut</span> <span class='ocrx_word' id='word_1_213' title='bbox 923 3611 1112 3693; x_wconf 79' lang='lat' dir='ltr'>exploratis</span> <span class='ocrx_word' id='word_1_214' title='bbox 1130 3607 1310 3675; x_wconf 90' lang='lat' dir='ltr'>itineribus</span> 
     </span>
     <span class='ocr_line' id='line_1_30' title="bbox 244 3718 1311 3802; baseline -0.002 -18"><span class='ocrx_word' id='word_1_215' title='bbox 244 3720 378 3786; x_wconf 92' lang='lat' dir='ltr'>minore</span> <span class='ocrx_word' id='word_1_216' title='bbox 398 3740 478 3785; x_wconf 89' lang='lat' dir='ltr'>eum</span> <span class='ocrx_word' id='word_1_217' title='bbox 498 3719 651 3802; x_wconf 91' lang='lat' dir='ltr'>periculo</span> <span class='ocrx_word' id='word_1_218' title='bbox 672 3720 794 3783; x_wconf 91' lang='lat' dir='ltr'>vallem</span> <span class='ocrx_word' id='word_1_219' title='bbox 814 3725 997 3802; x_wconf 91' lang='lat' dir='ltr'>rivumque</span> <span class='ocrx_word' id='word_1_220' title='bbox 1016 3725 1187 3784; x_wconf 89' lang='lat' dir='ltr'>transiret.</span> <span class='ocrx_word' id='word_1_221' title='bbox 1237 3718 1311 3783; x_wconf 91' lang='lat' dir='ltr'>Pri-</span> 
     </span>
     <span class='ocr_line' id='line_1_31' title="bbox 245 3827 1311 3910; baseline -0.002 -16"><span class='ocrx_word' id='word_1_222' title='bbox 245 3829 396 3896; x_wconf 75' lang='lat' dir='ltr'>maliace</span> <span class='ocrx_word' id='word_1_223' title='bbox 415 3827 569 3893; x_wconf 89' lang='lat' dir='ltr'>hostium</span> <span class='ocrx_word' id='word_1_224' title='bbox 588 3827 762 3910; x_wconf 90' lang='lat' dir='ltr'>equitatus</span> <span class='ocrx_word' id='word_1_225' title='bbox 781 3827 823 3892; x_wconf 92' lang='lat' dir='ltr'>ad</span> <span class='ocrx_word' id='word_1_226' title='bbox 843 3837 954 3892; x_wconf 90' lang='lat' dir='ltr'>castra</span> <span class='ocrx_word' id='word_1_227' title='bbox 973 3827 1104 3893; x_wconf 77' lang='lat' dir='ltr'>accedit</span> <span class='ocrx_word' id='word_1_228' title='bbox 1125 3827 1311 3910; x_wconf 90' lang='lat' dir='ltr'>proelium-</span> 
     </span>
    </p>

    <p class='ocr_par' dir='ltr' id='par_1_6' title="bbox 195 3935 1311 4032">
     <span class='ocr_line' id='line_1_32' title="bbox 195 3935 1311 4032; baseline -0.002 -27"><span class='ocrx_word' id='word_1_229' title='bbox 195 3982 228 4032; x_wconf 81' lang='lat'>30</span> <span class='ocrx_word' id='word_1_230' title='bbox 244 3960 311 4024; x_wconf 92' lang='lat' dir='ltr'>que</span> <span class='ocrx_word' id='word_1_231' title='bbox 327 3960 407 4004; x_wconf 93' lang='lat' dir='ltr'>cum</span> <span class='ocrx_word' id='word_1_232' title='bbox 424 3943 551 4002; x_wconf 92' lang='lat' dir='ltr'>nostris</span> <span class='ocrx_word' id='word_1_233' title='bbox 568 3935 741 4020; x_wconf 90' lang='lat' dir='ltr'>equitibus</span> <span class='ocrx_word' id='word_1_234' title='bbox 758 3936 955 4001; x_wconf 90' lang='lat' dir='ltr'>committit.</span> <span class='ocrx_word' id='word_1_235' title='bbox 1007 3936 1133 4002; x_wconf 90' lang='lat' dir='ltr'>Caesar</span> <span class='ocrx_word' id='word_1_236' title='bbox 1150 3937 1311 4004; x_wconf 90' lang='lat' dir='ltr'>consulto</span> 
     </span>
    </p>
   </div>
   <div class='ocr_carea' id='block_1_5' title="bbox 0 0 1526 4442">
    <p class='ocr_par' dir='ltr' id='par_1_7' title="bbox 0 0 1526 4442">
     <span class='ocr_line' id='line_1_33' title="bbox 0 0 1526 4442; baseline 0 0"><span class='ocrx_word' id='word_1_237' title='bbox 0 0 1526 4442; x_wconf 95' lang='lat' dir='ltr'> </span> 
     </span>
    </p>
   </div>
  </div>
 </body>
</html>
