3000 4456
561 329 679 382 LIBER
705 331 725 385 l.
753 330 837 385 CAP.
861 329 958 384 8—11.
1274 346 1294 412 7

222 509 328 575 robus
351 507 515 574 studebat
538 519 573 574 et
598 529 704 593 quam
727 507 892 593 plorima'ts
915 507 1076 574 civitates
1100 515 1164 573 suo
1188 507 1290 574 bene-

221 617 304 683 ficio
319 617 446 682 habore
461 615 651 684 obstrictos
667 616 815 683 volobat.
867 617 992 702 Itaque
1008 638 1081 682 rem
1098 616 1240 701 suscipit
1257 628 1292 683 et

221 734 243 793 o
271 726 439 812 Sequanis
465 725 629 811 impetrat
657 737 696 791 ut
723 748 784 811 per
810 726 896 792 lines
923 732 1005 792 suos
1032 725 1217 792 Helvetios
1242 733 1291 792 ire

222 836 414 921 patiantur,
436 834 646 920 obsidesque
668 841 720 900 uti
742 835 833 900 inter
853 842 928 902 soso
949 836 1032 901 dent
1055 834 1205 920 perficit:
1231 835 1291 902 Se·

221 951 338 1030 quani,
368 951 412 1011 no
438 943 560 1010 itinere
590 943 775 1010 Helvetios
803 944 1023 1029 prohibeant,
1055 945 1221 1026 Helvetii,
1252 955 1324 1012 ut⁵

222 1055 297 1120 sine
317 1053 486 1120 maleficio
507 1064 541 1119 et
562 1052 686 1119 iniorio
706 1059 894 1119 transeant.

357 1221 537 1291 Caesargets
548 1217 790 1290 reabsorcements,
804 1217 869 1271 and
876 1234 980 1272 crosses
992 1217 1040 1272 the
1051 1217 1157 1274 Rhone.

293 1332 430 1399 Caesari
445 1333 625 1398 nontiotur
639 1331 810 1397 Helvotiis
823 1353 897 1397 esse
911 1331 945 1396 in
959 1331 1077 1397 animo
1091 1353 1152 1416 per
1164 1352 1291 1417 agrum
1311 1344 1351 1396 10

221 1441 466 1527 Soquanorum
494 1454 529 1508 et
559 1441 791 1508 Haeduorum
819 1441 886 1507 iter
913 1441 948 1506 in
978 1441 1177 1508 Santonum
1206 1442 1292 1508 linos

222 1551 343 1630 lacere,
359 1558 419 1637 qui
433 1558 504 1617 non
518 1552 624 1638 longo
638 1558 659 1617 o
671 1550 894 1616 Tolosa‘ttium
909 1549 1036 1616 linibus
1050 1551 1188 1630 absunt,
1205 1573 1293 1635 quae

220 1661 346 1742 civitais
378 1671 430 1728 est
462 1661 498 1727 in
532 1661 724 1727 Provincia
787 1660 829 1725 Id
862 1666 889 1726 si
922 1660 1028 1738 fieret,
1061 1659 1342 1746 intellegobat10

220 1777 354 1857 mogno
374 1793 454 1837 cum
476 1771 630 1857 periculo
652 1769 856 1836 Provinciae
878 1768 1046 1848 futorum,
1069 1779 1108 1835 ut
1131 1769 1290 1836 homines

219 1880 414 1959 bellicosos,
445 1881 566 1966 populi
596 1881 747 1946 Romoni
776 1879 945 1958 inimIcos
976 1879 1061 1944 locis
1091 1878 1292 1966 patentibus

218 1989 442 2074 maximoque
471 1988 704 2057 lrirmentoriis
732 1987 900 2054 finitimos
929 1986 1082 2053 haboret.
1145 1986 1204 2054 Ob
1232 1993 1290 2054 eos

220 2106 343 2166 caustis
363 2106 394 2165 ei
414 2099 611 2178 monitioni,
633 2120 739 2185 quam
759 2099 897 2177 lecerat,
919 2098 959 2163 T.
983 2098 1177 2164 Labionum
1198 2099 1291 2184 loga-

220 2221 300 2275 tum
324 2207 496 2294 praeficit;
520 2209 593 2295 ipse
616 2208 652 2274 in
677 2193 816 2275 ltaliam
840 2214 977 2294 ma'tgnis
1001 2206 1181 2275 itineribus
1206 2222 1339 2273 con-15

219 2318 335 2384 tendit
353 2319 508 2404 duosque
522 2319 568 2386 ibi
583 2320 739 2406 legionos
755 2319 954 2399 conscribit,
971 2331 1006 2385 et
1024 2326 1105 2398 tros,
1123 2341 1210 2406 quae
1226 2318 1288 2385 cir-

220 2450 303 2494 cum
322 2428 518 2514 Aquileiam
538 2428 750 2509 hiemobant,
771 2453 815 2496 ex
835 2430 987 2496 hibernis
1006 2430 1137 2509 odocit,
1157 2439 1203 2508 et,
1224 2436 1293 2515 quo

220 2538 423 2623 proximum
447 2537 513 2604 iter
534 2539 568 2604 in
592 2539 794 2606 ulteriorem
819 2539 967 2606 Galliam
991 2562 1053 2626 per
1075 2541 1184 2626 Alpos
1207 2551 1290 2620 erat,

221 2668 303 2714 curn
328 2648 380 2713 his
404 2653 557 2734 quinque
582 2648 778 2734 legionibus
802 2655 851 2715 ire
875 2650 1071 2717 contendit.
1123 2651 1175 2717 Ibi
1202 2650 1291 2717 Ceu-

220 2768 342 2822 trones
360 2768 395 2822 et
417 2755 589 2823 Graioceli
608 2769 643 2824 et
666 2757 851 2844 Caturiges
871 2759 956 2825 loc1s
977 2760 1212 2845 superioribus
1232 2783 1291 2827 oc·
1309 2777 1341 2814 ²0

220 2872 358 2951 cupistis
380 2865 503 2932 itinere
525 2866 720 2933 exercitum
744 2868 928 2952 prohibere
952 2876 1135 2937 conantur.
1186 2869 1290 2936 Com·

220 2973 377 3060 ploribus
393 2977 445 3041 his
461 2975 600 3061 proeliis
616 2977 722 3061 pulsis
737 2977 780 3042 ab
798 2977 920 3056 Ocelo,
938 2980 1035 3063 quod
1051 2991 1103 3047 est
1121 2979 1291 3065 oppidum

219 3084 389 3151 citerioris
410 3083 608 3168 provinciae
630 3093 839 3165 extromum,
862 3086 896 3152 in
920 3087 1006 3155 linos
1029 3089 1290 3155 Vocontiorum

219 3193 393 3260 ulterioris
406 3193 604 3279 provinciae
618 3193 674 3260 dio
687 3195 838 3280 septimo
852 3195 1026 3281 pervenit;
1050 3196 1131 3264 inde
1144 3197 1179 3263 in
1193 3199 1290 3264 Allo*

220 3303 372 3388 brogum
397 3302 494 3382 finos,
519 3304 562 3369 ab
586 3303 840 3390 Allobrogibus
862 3303 898 3370 in
923 3305 1135 3392 Segusiavos
1160 3307 1289 3374 exerci·
1308 3329 1338 3378 ²⁵

221 3427 298 3479 turn
323 3412 429 3480 docit.
479 3412 530 3478 Hr
554 3423 636 3480 sunt
661 3420 761 3480 extro
786 3412 1001 3499 provinciam
1027 3421 1121 3481 trous
1148 3416 1289 3482 Rhoda·

220 3543 306 3588 num
323 3528 434 3607 primi.

242 3688 271 3742 T
265 3687 301 3742 he
312 3688 435 3742 Haedui
443 3688 598 3744 audather
609 3689 696 3743 tribes
707 3689 760 3742 ask
771 3688 819 3743 his
831 3689 888 3743 aid
895 3691 1016 3761 agat'nst
1027 3689 1075 3745 the
1086 3690 1264 3746 Helvetium.

290 3798 445 3864 Helvotii
472 3799 540 3865 iam
569 3821 630 3884 per
657 3799 838 3885 angustias
865 3809 900 3864 et
930 3799 1017 3866 linos
1046 3799 1288 3887 Sequanorum
1307 3817 1345 3867 11

220 3915 300 3974 suos
324 3908 443 3993 copiis
466 3908 703 3984 trodoxerant,
728 3920 762 3973 et
786 3907 820 3974 in
847 3907 1077 3976 Haeduorum
1102 3909 1189 3976 fines
1213 3931 1287 3998 per-

375 4016 392 4068 6
