3048 4444
498 364 636 416 lasau
663 365 712 417 vr.
739 365 821 417 cna
848 376 959 432 35-37·

459 572 557 627 Cicero
568 572 650 626 sends
661 579 712 626 out
722 578 766 627 too
778 589 866 643 many
874 575 1025 645 soragers.

276 699 410 777 Cicero,
434 704 493 783 qui
516 704 638 764 omnes
661 699 856 784 superiores
879 698 951 764 dies
974 705 1166 784 praeceptis
1190 698 1274 765 Cae·
1290 701 1334 782 36

207 809 290 876 saris
307 814 444 875 summai
460 807 640 893 diligentie
657 808 783 874 milites
800 807 834 873 in
852 814 971 874 castris
989 807 1216 874 continuisset
1234 813 1274 872 aie

206 924 249 984 ne
263 919 421 984 calenem
434 917 576 1002 quidem
590 938 803 1002 quemquam
817 923 917 984 extre
931 917 1162 983 munitionem
1177 922 1275 1002 egre-

208 1027 243 1094 di
267 1048 388 1112 passus
413 1036 513 1106 esset,
539 1046 595 1092 vr1
620 1026 687 1105 die,
712 1025 874 1093 diffidens
898 1026 942 1092 de
967 1031 1114 1092 numero
1139 1025 1274 1090 dierum

207 1137 389 1204 Caesarem
407 1136 512 1203 fidem
529 1142 758 1214 serveturum
776 1136 872 1221 quod
890 1136 1029 1223 longius
1047 1141 1272 1222 progressum
1292 1159 1305 1207 5

207 1247 368 1312 audiebat
394 1268 506 1331 neque
530 1247 599 1312 tilla
623 1246 666 1312 de
691 1245 803 1312 reditu
827 1246 901 1312 eius
926 1245 1017 1311 lema
1041 1245 1274 1323 adlerebetur;

208 1356 309 1422 simul
334 1361 455 1421 eorum
482 1361 662 1440 permotus
688 1354 843 1434 vecibus,
870 1362 929 1440 qui
956 1355 1046 1422 illius
1072 1354 1274 1441 patientiam

206 1486 315 1550 paene
345 1465 583 1531 obsessionem
615 1465 845 1549 appellabant,
877 1464 1047 1550 siquidem
1079 1487 1123 1531 ex
1156 1470 1275 1530 castris

206 1575 326 1659 egredi
342 1580 414 1640 nen
429 1574 561 1653 liceret;
579 1574 711 1639 nullum
729 1575 802 1640 eius
819 1574 914 1640 modi
932 1580 1050 1639 cesum
1068 1580 1274 1659 exspectans

206 1690 288 1768 quo,
315 1703 404 1750 v1111
432 1683 602 1768 oppositis
628 1683 825 1770 legionibus
851 1684 1076 1768 maximoque
1103 1684 1323 1769 equititum

207 1793 368 1877 dispersis
388 1799 428 1858 ec
451 1813 560 1878 paene
582 1793 703 1859 deletis
725 1793 894 1871 hostibus,
917 1793 952 1858 in
974 1793 1111 1859 milibus
1134 1814 1273 1878 passum

206 1903 315 1969 tribus
330 1901 462 1969 offendi
477 1913 605 1988 posset,
622 1923 645 1968 v
661 1903 823 1968 cohortes
839 1902 1089 1969 frumentatum
1105 1903 1139 1968 in
1156 1903 1274 1988 proxi-

207 2019 280 2078 mes
302 2018 439 2099 segetes
462 2012 580 2090 mittit,
604 2018 689 2097 queis
713 2013 802 2078 inter
825 2023 858 2078 et
882 2023 993 2079 castra
1015 2018 1105 2079 imus
1128 2018 1273 2079 omnine

206 2122 302 2187 collis
319 2122 492 2188 intererat.
542 2121 749 2206 Complures
766 2132 863 2188 erant
879 2122 914 2188 in
932 2129 1051 2188 castris
1068 2145 1112 2189 ex
1130 2123 1274 2208 legieni-

206 2231 270 2296 bus
287 2239 383 2318 aegri
400 2233 523 2312 relicti;
541 2255 585 2299 ex
603 2235 729 2319 quibus
747 2241 806 2318 qui
824 2236 890 2300 hoc
909 2235 1021 2318 spatio
1039 2233 1173 2299 dierum
1191 2253 1273 2298 con·
1293 2260 1321 2310 15

207 2473 250 2518 na
272 2460 447 2537 praeterea
469 2454 658 2520 multitude
681 2457 854 2530 calonum,
878 2461 1006 2540 magna
1028 2460 1079 2519 vis
1101 2454 1273 2520 itimento-

206 2584 294 2641 rum,
308 2585 396 2648 quae
409 2563 443 2630 in
458 2571 576 2631 castris
590 2565 802 2642 subsederat,
817 2564 906 2631 lactis
921 2570 1093 2648 potestete
1107 2564 1271 2648 sequitur.

293 2736 343 2789 An
355 2736 467 2790 assault
478 2753 514 2791 on
526 2736 574 2791 his
585 2741 669 2807 camp
681 2739 714 2808 by
725 2736 773 2791 the
787 2737 928 2792 Germans
939 2753 1036 2791 causes
1047 2754 1066 2790 a
1082 2740 1179 2807 panio

276 2855 357 2922 Hec
374 2857 449 2940 ipso
465 2867 623 2943 tempore
646 2858 715 2943 [et]
737 2864 819 2924 cesti
836 2857 1001 2924 Germani
1018 2857 1151 2941 equites
1169 2857 1271 2922 inter·
1288 2862 1331 2932 37

208 2964 360 3043 veniunt,
385 2966 613 3050 pretinusque
638 2968 763 3033 eodem
788 2968 857 3045 illo,
883 2973 954 3053 quo
979 2951 1143 3033 venerant
1170 2970 1272 3031 cursit
1290 2992 1323 3030 ω

206 3073 248 3138 ab
268 3074 461 3141 decumana
480 3083 581 3160 porte
600 3077 634 3141 in
655 3089 765 3142 castra
785 3077 982 3162 inrumpere
1003 3082 1188 3154 conantum
1209 3097 1272 3140 nec

207 3182 300 3265 prius
319 3194 399 3249 sunt
418 3191 481 3250 visi
501 3185 645 3251 obiectis
665 3187 707 3251 ab
727 3192 768 3251 ee
787 3197 884 3270 parte
903 3186 1006 3263 silvis
1028 3207 1132 3270 quam
1153 3192 1272 3252 castris

206 3291 536 3379 adpropinquarent,
559 3301 669 3378 usque
690 3301 732 3361 eo
754 3306 791 3360 ut
812 3303 873 3380 qui
893 3296 957 3360 sub
979 3296 1069 3362 vallo
1090 3295 1272 3362 tenderent

206 3409 416 3470 mercetores
449 3403 637 3488 recipiendi
670 3411 723 3470 sui
757 3404 956 3470 lacultetem
990 3411 1061 3470 nen
1095 3404 1271 3470 haberent.

207 3510 432 3596 Inopinantes
445 3519 555 3579 nostri
568 3519 709 3579 renova
723 3513 979 3597 perturbantur,
994 3520 1033 3579 ἐς
1047 3513 1107 3580 vix
1121 3520 1272 3599 primum
1290 3543 1320 3592 25

205 3617 375 3706 impetum
397 3622 523 3688 cohors
545 3623 580 3687 in
602 3621 751 3688 statione
774 3622 930 3689 sustinet.
981 3621 1273 3690 Circumfundun-

205 3742 262 3796 tur
277 3733 395 3799 hostes
410 3754 455 3798 ex
471 3731 610 3815 reliquis
626 3732 793 3816 partibus,
808 3739 836 3797 si
853 3753 957 3816 quem
974 3732 1107 3798 aditum
1124 3741 1273 3818 reperire

206 3840 348 3923 possint.
399 3842 516 3926 Aegre
538 3846 657 3926 portas
679 3847 789 3908 nostri
811 3852 963 3920 tuentur,
986 3842 1137 3928 reliquos
1160 3843 1274 3909 aditus

204 3948 300 4015 locus
315 3949 388 4035 ipse
404 3971 465 4035 per
479 3956 516 4016 se
530 3948 750 4035 mimitieque
764 3950 927 4020 defendit.
969 3953 1068 4020 Tetis
1082 3954 1274 4042 trepidatur
