3000 4456
508 357 626 409 LIBER
653 356 690 411 11.
716 358 800 411 CAP.
827 357 937 411 16-18.
1220 375 1255 439 51

191 535 324 604 itineris
348 541 462 600 nostri
487 534 663 601 exercitiis
687 542 880 621 perspecti,
908 547 1012 602 nocte
1038 536 1081 602 ad
1109 536 1258 602 Nervies

191 652 437 733 pervenerunt,
464 654 570 729 atque
597 644 650 710 his
676 646 961 712 demenstrirunt
986 646 1079 711 inter
1105 645 1259 731 singulis

190 757 348 843 legienes
377 754 709 840 impedimentorum
739 761 909 840 megnum
940 775 1124 822 numerum
1155 754 1259 821 inter-

190 866 325 942 cedere,
345 886 459 950 neque
478 885 553 930 esse
573 863 760 949 quicquam
781 870 913 948 negeti,
935 885 1016 930 cum
1036 869 1147 949 prima
1167 863 1260 948 legie

191 976 227 1040 in
239 984 352 1041 castra
363 973 512 1040 venisset
525 973 745 1058 reliquaeque
758 973 914 1058 legiones
926 980 1095 1059 megnum
1107 973 1258 1059 spatium
1280 997 1292 1045 5

192 1085 364 1161 abessent,
385 1081 473 1148 lianc
493 1083 557 1148 sub
579 1081 721 1148 sarcinis
741 1082 884 1161 adoriri;
906 1089 975 1168 que
996 1083 1095 1168 pulsai
1115 1082 1259 1167 impedi-

192 1197 390 1276 mentisque
411 1191 555 1276 direptis
576 1190 735 1257 luttirum
755 1202 795 1257 ut
815 1191 966 1277 reliquae
985 1197 1111 1258 contri
1131 1192 1260 1259 censis-

192 1314 266 1368 tere
282 1307 353 1367 nen
368 1301 547 1367 auderent.

263 1408 462 1475 Adiuvabat
482 1408 586 1474 etiam
607 1415 729 1480 eerum
750 1408 934 1475 censilium
955 1416 1015 1494 qui
1036 1431 1109 1475 rem
1131 1410 1260 1476 delere-

193 1518 287 1598 bant,
308 1520 404 1604 quod
426 1518 546 1585 Nervii
565 1519 769 1604 antiquitus,
792 1518 1055 1604 cumequitetia
1077 1519 1161 1585 nihil
1181 1542 1260 1605 pos·
1280 1548 1312 1583 ιο

194 1641 443 1713 sent-neque
465 1629 558 1695 enim
581 1630 625 1695 ad
647 1630 715 1695 hec
737 1642 875 1714 tempus
897 1637 929 1696 ei
952 1635 1001 1696 rei
1024 1629 1176 1707 student,
1200 1628 1260 1694 sed

192 1737 358 1822 quicquid
393 1749 552 1821 possunt,
590 1737 808 1823 pedestribus
844 1739 960 1804 valent
997 1737 1260 1823 copiis—que

192 1846 324 1912 lacilius
346 1847 575 1914 linitimdrum
598 1847 803 1932 equitatum,
828 1853 856 1912 si
879 1847 1067 1932 praedandi
1090 1851 1193 1912 cause
1216 1846 1260 1911 ad

193 1962 254 2021 eds
287 1955 474 2034 venissent,
509 1955 728 2041 impedirent,
766 1963 893 2023 teneris
928 1956 1110 2022 arboribus
1145 1956 1261 2021 incisis

193 2073 300 2150 atque
321 2065 469 2144 inflexis
494 2066 691 2151 crebrisque
713 2064 748 2130 in
772 2065 995 2131 letitirdinem
1019 2071 1123 2131 remis
1146 2071 1260 2131 erretis
1281 2089 1309 2139 15

195 2184 230 2240 et
259 2173 353 2240 rubis
381 2174 607 2259 sentibusque
635 2174 825 2241 interiectis
853 2173 1052 2254 effecerant,
1082 2185 1122 2240 ut
1150 2180 1261 2240 instar

194 2289 283 2348 mirri
311 2283 375 2350 hae
404 2290 524 2369 saepes
553 2289 812 2351 munimentum
841 2283 1057 2368 praeberent,
1088 2269 1159 2369 qui)
1189 2290 1260 2350 nen

193 2380 302 2459 modo
321 2399 392 2459 nen
410 2393 533 2460 intreri
552 2394 611 2460 sed
630 2400 675 2460 ne
693 2393 841 2480 perspici
859 2393 999 2478 quidem
1019 2404 1148 2479 posset.
1194 2395 1262 2460 His

196 2503 298 2569 rebus
318 2524 398 2569 cum
421 2503 485 2570 iter
505 2503 654 2589 agminis
674 2509 785 2570 nostri
805 2502 1042 2587 impediretur,
1064 2508 1134 2570 nen
1157 2503 1261 2568 omit-

195 2612 340 2678 tendum
360 2612 423 2678 sibi
444 2612 626 2678 consilium
648 2613 768 2679 Nervii
787 2613 1084 2680 existimaverunt.
1280 2643 1313 2680 ιο

529 2817 554 2871 C
551 2815 690 2871 haracter
700 2817 736 2887 os
744 2816 792 2871 the
796 2817 926 2889 ground.

265 2949 352 3017 Loci
376 2957 503 3017 mirina
525 2963 599 3018 erat
624 2952 709 3018 haec
733 2974 837 3037 quem
861 2953 978 3020 locum
1004 2963 1114 3022 nostri
1138 2965 1260 3024 castris
1281 2957 1321 3022 18

195 3061 407 3147 delegerant.
459 3060 567 3128 Collis
593 3062 637 3127 ab
664 3069 803 3128 summe
831 3064 1021 3148 aequaliter
1048 3067 1190 3133 declivis
1217 3069 1261 3134 ad

194 3169 322 3237 flumen
356 3169 484 3249 Sabim,
518 3172 613 3256 quod
641 3177 749 3256 suprai
781 3172 1048 3252 neminevimus
1082 3176 1260 3260 vergebat.

194 3279 250 3346 Ab
269 3285 312 3346 eo
331 3278 473 3345 fltimine
491 3286 565 3365 pari
581 3279 780 3348 acclivitete
799 3281 896 3348 collis
915 3283 1124 3350 miscebitur
1142 3285 1262 3350 adver-

194 3411 252 3455 sus
268 3389 349 3456 huic
367 3401 402 3456 et
422 3389 629 3469 contrarius,
649 3397 770 3475 passus
789 3390 926 3457 circiter
945 3411 987 3458 cc
1005 3392 1145 3459 infimus
1165 3415 1262 3479 aper·
1281 3421 1311 3470 25

194 3511 261 3580 tus,
277 3499 321 3565 ab
336 3499 513 3584 superiore
529 3511 626 3585 parte
642 3500 816 3579 silvestris,
833 3512 872 3566 ut
889 3507 960 3567 non
976 3500 1074 3568 facile
1090 3501 1262 3568 intrersus

194 3607 340 3694 perspici
358 3620 487 3694 posset.
530 3609 629 3676 Intrai
646 3616 704 3676 ees
721 3610 823 3676 silves
840 3609 961 3676 hostes
978 3609 1012 3675 in
1029 3611 1169 3677 occulto
1188 3617 1262 3677 sese

194 3718 419 3785 continebant
427 3741 435 3799 ;
459 3719 494 3785 in
516 3725 638 3804 aperte
661 3721 739 3786 loce
762 3718 953 3786 secundum
979 3719 1107 3786 llirmen
1131 3741 1261 3805 paucae

194 3829 360 3896 statienes
382 3829 539 3914 equitum
562 3830 778 3896 videbantur.
830 3828 999 3894 Fluminis
1020 3839 1093 3896 erat
1115 3829 1264 3896 altitddo

194 3939 324 4023 pedum
344 3937 480 4005 circiter
500 3938 616 4005 trium.
1064 3939 1071 3949 '
1281 3971 1313 4019 30
