3000 4456
524 350 640 402 sinan
668 350 688 401 1.
715 350 798 402 cun
825 362 937 416 29—31.
1226 365 1261 411 21

197 635 393 722 pendiarias
408 636 584 703 habarent.
832 705 834 711 Α

266 745 460 824 Petiarunt,
480 751 533 811 uti
551 744 615 810 sibi
634 744 820 812 concilium
839 751 950 811 totius
969 743 1101 812 Galliae
1119 745 1154 811 in
1173 746 1266 813 diem

194 865 328 920 certam
343 854 494 921 indicere
510 853 614 940 idque
631 853 787 920 Caesaris
803 853 988 921 voluntate
1004 854 1116 921 facere
1131 854 1265 922 liceret:

198 970 274 1031 sesa
294 963 420 1029 habere
441 964 610 1048 quasdam
631 969 694 1042 ras,
717 969 803 1048 quas
824 985 869 1028 ex
891 969 1070 1029 communi
1092 969 1297 1030 cansensas

198 1073 242 1138 ab
267 1079 310 1139 eo
334 1083 453 1157 petere
478 1073 618 1138 vellent.
668 1072 721 1137 Ea
745 1078 782 1138 re
806 1072 973 1159 permissa
999 1071 1090 1138 diem
1116 1072 1265 1139 concilia

195 1181 457 1248 constituerunt
479 1193 514 1248 et
535 1180 609 1248 iare
629 1181 786 1262 iaranda,
809 1189 852 1249 ne
873 1182 950 1268 quis
970 1183 1179 1264 enuntiaret,
1201 1183 1265 1250 nisi

196 1291 323 1378 quibus
352 1297 533 1357 commimi
563 1290 708 1358 cansilia
740 1292 947 1358 mandatum
976 1302 1075 1372 esset,
1107 1291 1199 1358 inter
1229 1298 1266 1358 se

197 1406 399 1467 sanxerunt.

218 1605 293 1676 They
303 1606 426 1660 describe
437 1607 485 1661 the
496 1607 726 1662 encroachments
737 1609 773 1680 ‘ff
781 1608 829 1662 the
844 1609 992 1670 Germans,
1006 1609 1070 1663 and
1077 1609 1128 1680 beg
1142 1609 1249 1663 Cacsar

452 1701 481 1748 to
492 1696 600 1768 defend
610 1697 690 1750 Gaul
699 1698 818 1767 against
829 1697 1005 1752 Animistus.

266 1839 320 1905 Εό
342 1839 491 1904 concilia
513 1840 656 1905 dimisso
677 1841 771 1906 idem
793 1840 965 1925 principas
986 1840 1181 1920 civitatum,
1206 1847 1265 1925 qui
1281 1845 1321 1911 31

195 1959 278 2014 ante
306 1948 454 2028 fuerant,
484 1949 527 2014 ad
558 1947 742 2015 Caesarem
771 1956 989 2016 reverterunt
1018 1949 1265 2034 petieruntque

195 2063 249 2123 uti
266 2056 329 2123 sibi
349 2062 485 2124 sacrata
508 2056 560 2142 [in
580 2058 740 2143 occulto]
765 2058 808 2124 da
826 2064 888 2123 sua
905 2057 1133 2142 omniumque
1152 2058 1263 2123 saline

197 2187 279 2233 cum
305 2173 347 2233 ea
374 2187 477 2252 agere
504 2166 633 2232 licaret.
687 2167 739 2232 Ea
766 2173 803 2233 ra
829 2165 1016 2252 impetrata
1042 2173 1117 2233 sese
1143 2172 1265 2232 omnes

195 2276 318 2342 flentas
337 2275 476 2342 Caesari
494 2277 538 2342 ad
557 2277 663 2360 pedes
681 2275 918 2361 praiacarunt:
933 2277 1022 2342 'Nan
1041 2277 1156 2343 minus
1175 2283 1212 2343 se
1230 2276 1265 2343 id

195 2387 409 2453 contendere
427 2397 462 2453 et
481 2387 648 2465 labarare,
668 2393 779 2466 neca,
799 2409 886 2471 quae
906 2386 1086 2466 dixissent,
1106 2385 1265 2456 enuntia·
1285 2407 1313 2457 15

198 2507 328 2574 rentur,
351 2517 457 2582 quam
478 2502 532 2562 uti
553 2518 602 2575 ea,
626 2517 715 2582 quae
737 2490 877 2575 vellent,
899 2495 1138 2580 impetrarent,
1162 2515 1266 2579 prop-

196 2612 291 2671 terea
306 2606 412 2690 quod,
430 2612 457 2671 si
474 2605 694 2672 anantiatum
710 2615 810 2683 esset,
827 2625 1003 2670 summum
1021 2604 1055 2669 in
1072 2604 1264 2670 cruciatum

198 2721 235 2782 sa
248 2721 413 2781 ventrinis
426 2715 595 2782 vidarent.

268 2823 428 2890 Locutus
452 2835 505 2890 est
531 2831 595 2909 pra
620 2826 673 2891 his
699 2824 898 2892 Diviciacus
924 2825 1109 2890 Haeduus:
1135 2822 1266 2891 Galliae

198 2939 310 3000 totius
327 2933 498 3000 factionas
515 2955 589 3000 esse
607 2934 709 3013 duas;
733 2934 857 3000 harum
874 2933 1014 2999 alterius
1032 2932 1265 3018 principatum
1284 2959 1316 2995 20

199 3049 317 3109 tenere
346 3043 525 3122 Haeduos,
555 3043 696 3110 alterius
724 3043 911 3110 Arvern6s.
963 3044 1013 3108 Hi
1040 3065 1120 3109 cum
1148 3050 1267 3110 tanto-

198 3172 278 3235 pere
295 3152 338 3217 da
354 3158 545 3236 potentatui
563 3151 654 3218 inter
670 3159 707 3219 se
723 3154 855 3218 multas
872 3159 983 3218 annas
1001 3152 1266 3231 contenderent,

196 3258 325 3325 lactum
341 3279 424 3339 esse,
440 3266 492 3326 uti
506 3261 549 3326 ab
563 3260 730 3327 Arvernis
746 3261 984 3346 Sequanisque
1000 3260 1165 3327 Germani
1179 3283 1267 3327 mer-

201 3369 285 3436 cede
310 3379 575 3436 arcesserentur.
627 3370 768 3435 Harum
794 3375 907 3454 primo
934 3368 1071 3436 circiter
1096 3369 1189 3435 milia
1216 3389 1267 3435 xv

200 3477 362 3544 Rhenum
381 3483 560 3557 transisse;
577 3485 808 3564 posteaquam
826 3486 931 3565 agras
948 3490 983 3546 et
1003 3481 1137 3546 cultum
1155 3489 1190 3546 et
1210 3485 1268 3546 ca·
1292 3492 1324 3541 25

198 3585 272 3672 pias
289 3586 469 3653 Gallorum
486 3588 645 3655 homines
661 3588 723 3654 ieri
738 3595 778 3654 ac
795 3589 932 3655 barbari
948 3590 1179 3669 adamassent,
1198 3595 1268 3656 tra-

201 3695 330 3763 ductas
349 3695 480 3782 pluras;
501 3718 594 3763 nunc
614 3719 688 3763 esse
708 3696 743 3761 in
765 3695 876 3762 Gallia
896 3698 940 3762 ad
962 3717 982 3763 c
1003 3708 1037 3764 et
1059 3717 1111 3762 xx
1133 3696 1268 3763 milium

199 3826 392 3871 numerum.
433 3806 523 3872 Cum
539 3807 591 3872 his
610 3807 778 3872 Haeduas
794 3813 985 3892 eorumque
1002 3807 1146 3874 clientas
1162 3808 1268 3874 semel

197 3923 304 3999 atque
320 3914 447 3983 iterum
464 3921 567 3982 armis
584 3915 822 3994 contendisse;
847 3922 1012 4002 magnam
1030 3917 1266 3986 calamitatem
