3000 4456
500 361 617 415 LIBER
644 361 663 419 1.
691 362 774 418 CAP.
799 373 912 427 41-42.
1201 375 1236 439 31

174 540 353 607 dubitasse
373 561 486 625 neque
507 541 663 606 timuisse
684 562 796 625 neque
817 541 860 605 da
881 544 1017 604 summa
1037 537 1117 603 belli
1138 557 1240 602 suum

171 649 349 729 iudicium,
370 650 430 714 sed
449 648 670 733 imperatoris
689 671 762 715 esse
781 647 1044 714 existimavisse.

241 758 376 824 Earum
405 756 645 824 satisfactione
673 763 817 841 accepta
846 766 881 823 et
912 755 1036 821 itinere
1066 759 1243 839 exquisito

175 890 236 954 per
253 866 483 945 Diviciacum,
502 865 598 951 quod
617 887 661 931 ex
680 864 786 931 Gallis
803 870 834 930 ei
852 863 1042 930 maximam
1060 861 1165 928 fidem
1183 862 1242 927 ha-

173 978 289 1056 bebat,
313 987 354 1042 ut
378 973 513 1040 milium
535 974 683 1059 amplius
706 972 963 1059 quinquaginta
986 971 1133 1039 circuita
1157 972 1274 1047 lociss

173 1092 303 1172 apertis
317 1083 514 1151 exercitum
529 1085 681 1162 duceret,
698 1084 741 1149 da
756 1089 879 1167 quarta
894 1082 1022 1168 vigilia,
1040 1092 1078 1148 ut
1095 1081 1242 1160 dixerat,

174 1197 352 1282 protectus
372 1205 435 1261 est.
486 1192 646 1278 Septimo
667 1190 732 1270 dia,
753 1213 834 1256 cum
854 1190 922 1256 iter
942 1197 1012 1256 nan
1034 1189 1244 1257 intermitte-

175 1317 238 1384 ret,
261 1307 304 1371 ab
326 1303 609 1390 exploratoribus
631 1300 761 1366 certior
782 1299 896 1366 iactus
918 1310 970 1364 est
993 1299 1164 1365 Ariovisti
1186 1306 1244 1366 co-

174 1415 248 1500 pias
265 1421 285 1480 a
303 1420 433 1479 nostris
451 1412 545 1478 milia
563 1431 728 1495 passuum
748 1427 811 1472 1111
831 1418 865 1472 et
886 1426 939 1472 xx
958 1407 1096 1478 abesse..

172 1640 214 1693 At
224 1639 394 1692 Artavr'stus
401 1637 421 1690 ’s
433 1641 543 1706 request
554 1653 573 1689 α
586 1635 749 1707 conserence
761 1634 788 1685 r's
800 1629 873 1684 held.
915 1629 939 1683 C
937 1646 1023 1683 aesar
1032 1628 1052 1683 's
1057 1631 1245 1700 precautions

562 1726 682 1797 against
694 1719 849 1790 treachery.

245 1859 402 1946 Cognito
433 1858 588 1926 Caesaris
617 1859 772 1924 adventu
801 1853 1003 1921 Ariovistus
1032 1853 1171 1939 legatas
1200 1852 1243 1918 ad
1260 1868 1302 1937 42

175 1992 254 2036 eum
277 1969 404 2036 mittit:
428 1970 536 2054 Quod
558 1974 662 2034 antea
683 1967 727 2034 da
749 1964 939 2050 conloquio
962 1963 1186 2049 postulasset,
1210 1961 1245 2027 id

176 2086 294 2164 persa
318 2079 390 2144 fieri
413 2077 524 2156 licare,
548 2077 714 2162 quoniam
737 2075 881 2161 propius
905 2072 1115 2153 accessisset,
1139 2077 1246 2156 saque

178 2187 213 2254 id
230 2188 302 2254 sine
320 2188 473 2273 pericula
492 2187 602 2253 lacere
619 2208 721 2272 posse
739 2185 966 2253 existimaret.
1012 2183 1094 2248 Non
1113 2179 1244 2266 respuit

175 2297 419 2364 condicionem
438 2296 573 2376 Caesar,
593 2297 731 2382 iamque
749 2319 829 2363 eum
848 2298 892 2362 ad
912 2294 1100 2361 sanitatem
1120 2298 1246 2359 reverti

178 2407 419 2485 arbitrabatur,
444 2429 524 2473 cum
550 2407 595 2485 id,
621 2409 716 2491 quod
741 2413 843 2473 antea
869 2413 1002 2490 petenti
1026 2405 1244 2490 denegasset,
1266 2421 1294 2471 15

176 2517 270 2582 ultra
294 2516 532 2601 polliceratur;
556 2523 790 2602 magnamque
814 2516 847 2582 in
874 2538 972 2601 spem
996 2515 1157 2582 veniebat
1183 2519 1247 2599 pra

180 2631 250 2690 suis
273 2631 381 2690 tantis
403 2625 592 2710 populique
616 2625 768 2691 Romani
789 2625 825 2691 in
848 2648 929 2692 eum
951 2623 1137 2703 beneficiis,
1163 2629 1246 2708 cog-

178 2732 258 2798 nitis
271 2741 341 2799 suis
355 2734 548 2818 postulatis,
564 2734 636 2800 lore
651 2741 701 2799 uti
716 2735 906 2819 pertinacia
921 2735 1111 2801 dasisteret.
1162 2733 1248 2799 Dies

179 2844 366 2928 conloquio
386 2844 500 2910 dictus
518 2855 570 2911 est
588 2867 633 2912 ex
651 2852 694 2911 eo
712 2845 768 2912 dia
787 2853 939 2931 quintus.

248 2953 395 3020 Interim
417 2974 518 3039 saepe
540 2976 620 3020 cum
643 2956 751 3041 lagati
774 2957 869 3022 ultro
892 2956 1051 3040 citraque
1074 2954 1166 3021 inter
1188 2961 1248 3021 eas
1266 2979 1298 3017 20

178 3063 413 3141 mitterentur,
440 3062 640 3130 Ariovistus
665 3065 869 3150 postulavit,
896 3072 940 3131 na
965 3087 1070 3150 quem
1095 3063 1248 3150 peditem

179 3173 221 3238 ad
237 3171 465 3257 conloquium
481 3171 607 3239 Caesar
622 3175 827 3241 adduceret:
843 3174 966 3240 Verari
981 3180 1018 3240 sa
1033 3180 1077 3239 na
1093 3194 1154 3258 per
1167 3172 1249 3238 insi-

179 3280 252 3346 dias
272 3281 315 3346 ab
335 3287 377 3347 eo
399 3280 721 3361 circumveniretur;
741 3293 887 3367 uterque
907 3303 989 3348 cum
1009 3281 1171 3367 equitatu
1193 3303 1249 3347 ve-

182 3396 287 3456 niret:
312 3389 379 3456 alia
403 3389 537 3457 ratione
563 3397 638 3458 sase
663 3397 734 3456 non
760 3412 834 3457 esse
860 3395 1059 3456 ventarum.
1112 3388 1247 3466 Caesar,

179 3501 274 3585 quod
291 3521 404 3585 neque
421 3500 648 3585 conloquium
666 3499 874 3585 interposita
891 3506 995 3566 causa
1013 3500 1090 3565 tolli
1108 3500 1248 3565 volabat
1268 3521 1298 3570 25

181 3630 292 3693 neque
318 3610 467 3676 saltitem
495 3631 593 3676 suam
621 3608 801 3675 Gallorum
828 3607 1000 3693 equitatui
1027 3607 1250 3675 committere

183 3718 345 3798 audabat,
368 3717 693 3785 commodissimum
715 3738 789 3784 esse
811 3715 945 3796 statuit,
968 3715 1131 3782 omnibus
1153 3722 1251 3802 equis

181 3825 288 3893 Gallis
308 3826 485 3912 equitibus
505 3827 680 3906 detractis
702 3832 744 3892 eo
765 3824 976 3910 legionarios
996 3825 1122 3892 militas
1143 3821 1252 3910 legio·

182 3933 234 4000 nis
261 3954 285 4001 x
319 3935 392 4020 [cui
419 3956 524 4021 quam
550 3934 703 4001 maxima
729 3932 960 4018 confidebat]
993 3933 1182 4018 imponere,
1210 3941 1250 3997 ut
