3044 4442
258 361 297 426 72
646 347 759 401 BELLl
785 349 945 402 GALLlCl

259 503 410 616 cunr'ab
438 525 524 592 here
552 525 622 593 fere
652 547 715 592 1111
746 533 855 613 usque
883 528 927 593 ad
957 527 1039 593 selis
1068 533 1232 594 occasum
1263 532 1324 612 pu-

258 639 435 721 gneretur.

518 739 647 794 Terrt'ble
655 740 842 811 punishment
853 742 888 814 os
896 740 945 795 the
960 742 1065 796 thi.

201 865 242 933 16
328 867 411 952 Qud
427 865 560 950 proelie
578 866 706 933 bellum
723 867 940 933 Veneriorum
957 873 1138 953 tetIusque
1155 873 1236 935 erae
1254 889 1324 933 ma-

259 976 393 1043 ritimae
423 976 623 1042 cenfectum
653 986 715 1042 est.
773 977 864 1042 Nam
895 998 976 1042 cum
1007 977 1120 1043 omnis
1149 977 1322 1056 iuventtis

225 1110 238 1160 s
259 1093 380 1152 omnes
397 1086 503 1152 etiam
520 1085 690 1173 gravieris
707 1085 842 1164 arctetis,
860 1085 896 1150 in
914 1085 1039 1171 quibus
1055 1085 1184 1170 aliquid
1202 1085 1323 1152 censili

258 1205 318 1260 aut
339 1195 522 1280 dignitatis
541 1195 617 1274 fuit,
639 1201 681 1262 ed
701 1201 949 1274 convenerant,
971 1205 1048 1260 tum
1068 1194 1208 1261 nevium
1228 1197 1323 1280 quod

258 1305 385 1388 ubique
404 1305 515 1371 fuerat
535 1306 569 1370 in
588 1311 698 1371 imum
717 1306 834 1370 locum
853 1311 1059 1390 coegerant;
1078 1303 1204 1388 quibus
1221 1304 1323 1370 ernis·

257 1419 304 1479 sis
320 1413 440 1498 reliqui
458 1435 569 1500 neque
587 1420 657 1500 qui)
674 1421 711 1480 se
727 1413 919 1499 reciperent
938 1434 1051 1498 neque
1067 1433 1171 1497 quem
1187 1413 1231 1478 ad
1249 1435 1322 1478 mo·

258 1523 341 1589 dum
362 1523 491 1609 oppida
511 1525 736 1592 defenderent
758 1524 944 1590 habebant.
991 1521 1116 1608 Itaque
1136 1528 1172 1589 se
1193 1543 1323 1607 suaque

190 1657 240 1700 ,ιο
258 1632 375 1699 omnia
393 1632 531 1700 Caesari
548 1633 767 1700 dediderunt.
811 1632 851 1699 In
871 1638 959 1718 ques
977 1638 1021 1699 ei>
1039 1631 1180 1718 gravius
1198 1631 1324 1698 Caesar

256 1741 503 1809 vindicandum
543 1743 678 1823 statuit,
720 1751 791 1829 que
833 1741 1036 1829 diligentius
1077 1741 1112 1808 in
1153 1742 1323 1827 reliquum

259 1861 395 1936 tempus
415 1858 436 1918 ai
456 1852 610 1918 barbaris
631 1852 684 1918 iris
706 1854 905 1938 legatorum
927 1857 1203 1918 conservaretur.
1253 1851 1323 1916 Ita-

257 1982 323 2045 que
340 1968 436 2027 omni
452 1969 576 2028 sentitis
592 1968 719 2029 nectite
736 1962 886 2047 reliquos
902 1961 966 2026 sub
983 1967 1114 2027 corone
1131 1959 1298 2026 vendidit.

332 2151 463 2214 Salanus,
470 2153 565 2222 going
576 2167 683 2221 among
695 2148 744 2203 the
759 2148 873 2209 Venelli,
887 2153 921 2201 at
930 2149 1003 2216 first
1014 2147 1115 2201 avot'ds
1126 2164 1145 2200 a
1158 2147 1251 2201 battle.

198 2299 238 2370 17
329 2287 424 2352 Dum
446 2286 530 2351 haec
553 2285 587 2349 in
609 2284 754 2350 Venetis
776 2293 955 2368 geruntur,
980 2284 1024 2369 Q.
1047 2282 1202 2348 Titinius
1225 2281 1321 2349 Sabi-

206 2421 235 2471 ις
258 2417 323 2460 nus
345 2415 425 2461 cum
447 2401 495 2460 eis
516 2393 624 2477 cepiis
646 2397 731 2476 ques
752 2397 774 2458 e
795 2391 941 2458 Caesare
963 2398 1154 2476 acceperat,
1177 2391 1212 2457 in
1235 2391 1320 2457 fines

256 2502 483 2569 Venelldrum
500 2499 666 2586 pervenit.
708 2499 776 2566 His
794 2513 950 2585 praeerat
968 2499 1154 2567 Viridovix
1170 2507 1211 2568 ec
1229 2521 1321 2566 surn-

259 2633 351 2677 mam
378 2610 500 2694 imperi
526 2610 666 2676 tenebat
692 2615 813 2676 cerum
840 2611 999 2676 omnium
1026 2610 1206 2676 civitatum
1233 2630 1321 2695 quae

256 2719 462 2796 deiecerant,
495 2740 539 2784 ex
571 2717 696 2802 quibus
728 2718 923 2784 exercitum
956 2725 1170 2805 magnisque
1203 2717 1321 2803 copies

257 2834 435 2914 coegerat;
460 2837 564 2911 atque
586 2827 638 2891 his
660 2833 778 2912 paucis
801 2827 922 2893 diebus
943 2829 1084 2893 Aulerci
1107 2828 1321 2894 Eburovices

204 2969 237 3006 20
258 2937 477 3022 Lexoviique
497 2941 619 3002 sentitis
641 2943 705 3002 sud
727 2934 921 3016 interiecti),
944 2937 1039 3023 quod
1060 2942 1220 3003 auctores
1241 2938 1321 3003 belli

256 3068 330 3113 esse
349 3046 525 3125 nelebant,
545 3052 664 3132 portes
681 3047 878 3111 clauserunt
897 3051 1003 3131 seque
1021 3067 1101 3112 cum
1121 3045 1321 3112 ViridovIce
1350 3071 1358 3086 ·

256 3156 529 3235 coniunxerunt;
549 3161 747 3241 magnaque
765 3162 941 3241 praeterea}
960 3153 1149 3221 multitude
1168 3153 1322 3239 undique

257 3287 301 3332 ex
320 3264 430 3331 Gallia
449 3265 666 3349 perditerum
685 3265 868 3331 hominum
886 3264 1131 3350 latronumque
1150 3247 1321 3331 convene-

256 3385 319 3453 rat,
334 3385 369 3440 et
383 3379 471 3459 quos
487 3379 565 3457 spes
581 3373 769 3458 praedandi
785 3374 1009 3459 studiumque
1023 3353 1173 3439 bella'ndi
1188 3374 1231 3440 ab
1246 3379 1322 3460 agri

205 3518 236 3570 ²⁵
257 3485 391 3550 culture
405 3494 440 3549 et
454 3481 632 3549 cotidiene
647 3483 764 3549 labere
778 3482 973 3548 sevocaibat.

326 3591 475 3660 Sabinus
504 3591 633 3658 idoneo
664 3590 827 3656 omnibus
857 3590 960 3657 rebus
990 3590 1069 3658 loce
1099 3599 1218 3658 castris
1248 3598 1322 3659 sese

259 3702 409 3780 tenebat,
437 3723 517 3768 curn
543 3698 730 3766 Viridovix
755 3706 877 3766 contre
903 3721 984 3766 eum
1010 3700 1162 3767 duerum
1187 3701 1321 3768 milium

256 3811 368 3897 spatie
384 3808 597 3876 censedisset
612 3809 809 3895 cotidieque
823 3808 1002 3895 preductis
1017 3809 1127 3896 copiis
1142 3810 1322 3898 pirgnandi

258 3927 468 4004 potestatem
487 3918 624 3997 iaceret,
643 3918 768 3984 utiam
786 3924 857 3986 nen
875 3920 989 3986 solum
1008 3919 1166 3987 hostibus
1184 3921 1220 3987 in
1239 3944 1322 3988 con-
