3048 4444
256 333 317 418 176
636 336 750 390 BELLl
775 337 935 391 GALLICl

254 511 381 581 habere
407 513 613 582 instituerat.
675 515 809 581 Eorum
836 516 1007 601 impetum
1035 515 1125 584 Galli
1151 517 1321 584 sustinere

254 628 325 689 urin
345 629 545 708 potuerunt,
565 635 670 708 atque
688 623 724 689 in
743 624 862 710 iugam
882 625 1030 691 coniecti
1050 626 1169 691 multis
1187 627 1321 692 omissis

255 737 292 798 sd
319 733 361 798 ad
390 753 517 818 agmen
545 737 761 818 receperunt,
812 731 950 817 Quibus
979 733 1174 818 profligatis
1202 741 1321 800 rursus

254 839 420 926 oppidani
448 841 620 926 perterriti
647 842 919 926 comprehensos
947 848 1008 908 eos
1035 849 1186 927 quorum
1215 851 1321 928 operis

221 973 234 1022 s
253 950 388 1036 plebem
405 950 614 1017 concititam
630 951 876 1018 existimabant
891 951 934 1017 ad
952 950 1134 1019 Caesarem
1150 953 1320 1038 perduxe-

254 1071 333 1125 runt
362 1063 504 1144 seseque
531 1065 562 1126 ei
589 1058 805 1126 dediderunt.
856 1059 995 1145 Quibus
1023 1063 1124 1127 rebus
1152 1062 1318 1128 coniectis

255 1167 381 1234 Caesar
407 1167 449 1234 ad
478 1167 648 1252 oppidum
675 1168 875 1246 Avaricum,
903 1169 998 1254 quod
1026 1182 1098 1236 erat
1126 1171 1319 1236 maximum

254 1276 594 1362 munitissimumque
614 1277 649 1342 in
669 1277 796 1343 iinibus
818 1278 1016 1364 Biturigum
1037 1291 1141 1363 atque
1161 1286 1236 1364 agri
1256 1280 1319 1345 fer-

254 1385 409 1452 tilissimd
423 1385 577 1470 regione,
593 1385 769 1471 proiectus
784 1399 850 1467 est;
864 1387 959 1472 quod
974 1394 1017 1453 eo
1032 1388 1164 1472 oppido
1180 1394 1319 1472 recepto

206 1520 236 1558 ιο
254 1493 427 1560 civitatem
448 1494 647 1580 Biturigum
665 1502 701 1561 se
719 1495 753 1561 in
771 1503 980 1580 potestatem
997 1495 1219 1562 reducturum
1238 1503 1319 1563 con-

255 1603 392 1670 fidebat.

259 1756 477 1830 Vercingetorix
495 1759 608 1814 advises
625 1759 674 1814 the
693 1759 783 1816 oauo
800 1766 828 1814 to
845 1761 893 1832 lay
910 1765 1000 1815 waste
1015 1759 1064 1815 the
1080 1765 1200 1831 country
1215 1760 1279 1814 and
1292 1765 1320 1814 to

657 1849 732 1902 burn
751 1848 799 1903 the
816 1853 912 1903 towns.
959 1841 962 1850 '

195 1965 235 2034 14
323 1945 593 2032 Vercingetorix
613 1960 665 2014 tot
686 1947 860 2014 continuis
880 1947 1112 2013 incommodis
1132 1947 1319 2014 Vellauno-

254 2055 349 2134 ‹lt'rni,
377 2056 519 2134 Cenabi,
549 2057 751 2124 Novioduni
777 2063 928 2141 acceptis
954 2063 1036 2122 suos
1063 2057 1106 2122 ad
1133 2055 1319 2122 concilium

252 2177 432 2232 convocat.
485 2165 598 2232 Docet
614 2167 719 2252 longe
734 2167 799 2233 atio
814 2165 947 2232 ratione
962 2187 1036 2232 esse
1051 2166 1181 2231 bellum
1197 2186 1318 2250 geren-

204 2297 232 2348 15
252 2275 335 2340 dum
352 2286 457 2360 atque
473 2281 575 2341 antei
590 2285 729 2360 gestum
746 2275 799 2340 sit.
850 2274 1025 2342 Omnibus
1043 2273 1158 2340 modis
1173 2274 1253 2340 huic
1269 2279 1318 2339 rei

253 2383 464 2450 studendum
486 2395 523 2449 ut
546 2383 768 2468 pabulatione
789 2395 822 2450 et
844 2390 1042 2450 commeatu
1066 2383 1217 2449 Romani
1240 2404 1318 2467 pro-

253 2613 286 2670 et
314 2603 408 2688 quod
436 2609 517 2668 anni
544 2615 701 2687 tempore
728 2603 960 2668 subleventur.
1011 2601 1183 2667 Pabulum
1211 2607 1318 2667 secori

252 2719 321 2778 ndu
353 2734 470 2798 possm
502 2712 695 2779 necessario
726 2712 899 2795 dispersos
930 2712 1048 2776 hostes
1079 2732 1122 2775 ex
1154 2709 1318 2775 aedificiis

201 2847 234 2885 πο
254 2833 384 2906 petere:
412 2821 476 2886 bos
502 2827 624 2886 omnes
650 2819 778 2885 cotidie
803 2821 846 2884 ab
873 2819 1046 2904 equitibus
1072 2818 1178 2884 deleri
1205 2839 1316 2902 posse.

255 2931 435 2998 Praetereo
458 2931 577 2997 salutis
600 2934 701 2995 causei
725 2935 773 2994 rei
796 2926 969 2994 familiaris
992 2927 1178 2994 commoda
1201 2927 1318 3012 negle-

252 3040 379 3124 genda:
396 3046 490 3107 vicos
505 3051 608 3123 atque
623 3037 777 3104 aedificia
792 3038 928 3104 incendi
944 3044 1107 3122 oportere
1122 3038 1190 3104 hoc
1205 3035 1317 3122 spatio

259 3149 294 3233 [ri
324 3147 426 3232 Boin]
459 3153 599 3232 qnoque
626 3169 755 3226 versus,
783 3154 854 3232 quo
881 3146 1067 3231 pabulandi
1094 3153 1197 3212 causti
1223 3145 1317 3211 adire

251 3279 352 3342 posse
378 3257 568 3324 videantur.
620 3256 756 3323 Horum
783 3257 864 3341 ipsis
890 3262 1004 3322 rerum
1030 3255 1167 3340 copiam
1193 3275 1316 3338 suppe-

201 3389 231 3441 ας
253 3379 334 3440 tere.
362 3366 456 3452 quod
483 3372 631 3451 quorum
659 3367 692 3432 in
720 3367 846 3433 finibus
872 3365 1000 3430 bellum
1027 3371 1169 3448 genitur
1195 3369 1317 3429 eorum

249 3475 374 3562 opibns
391 3476 628 3551 subleventur;
655 3475 835 3542 Romanos
851 3484 909 3539 aut
927 3472 1080 3558 inopiam
1097 3479 1167 3537 non
1185 3472 1315 3538 loturos

251 3597 308 3652 aut
328 3592 458 3672 rudgur')
476 3606 555 3652 cnm
575 3586 727 3670 periculo
745 3583 885 3668 longius
903 3589 923 3649 ἑ
941 3590 1061 3649 castris
1080 3587 1316 3668 processfir0s;

250 3717 362 3782 neque
390 3695 554 3762 interesse
584 3693 721 3778 ipsosne
750 3691 956 3758 interficiant
988 3714 1030 3759 an
1061 3690 1317 3775 impedimentis

250 3817 391 3876 exstant.
412 3805 538 3890 quibus
558 3802 690 3869 durissis
710 3802 839 3867 bellum
861 3808 935 3886 geri
956 3809 1027 3868 non
1049 3801 1168 3886 possit.
1215 3800 1316 3866 Prae-

200 3940 232 3990 ³0
251 3919 344 3982 iered
367 3912 495 3998 ‹tppidn
518 3911 653 3977 incendi
676 3916 837 3994 oportere
860 3931 948 3994 quae
971 3917 1040 3976 non
1065 3911 1259 3977 munitione
1282 3919 1315 3974 et
