3044 4442
258 395 317 441 110
638 379 752 430 BELLl
779 375 937 429 GALLlCl

254 567 351 623 erant
372 563 465 623 visae
485 567 655 642 tempore,
677 563 697 622 o
717 557 818 621 litore
839 554 1065 620 discesserant
1087 557 1128 619 oc
1149 551 1242 619 sein
1263 573 1320 618 su-

253 667 389 752 periora
406 666 482 732 loca
498 664 711 732 abdiderant.

342 827 370 880 Τ
365 825 417 897 hey
428 825 597 888 dt'smbark,
610 825 738 879 aduance
749 824 861 887 talanat
874 824 938 878 and
946 824 1044 896 defeat
1054 822 1103 877 the
1113 826 1234 878 nativas.

215 959 237 1025 9
323 936 449 1003 Caesar
480 935 643 1020 exposito
674 935 829 1001 exercito
862 946 897 1000 et
929 934 1009 1000 loco
1041 939 1160 999 castris
1192 932 1320 999 idoneo

255 1051 369 1131 capto,
394 1046 452 1112 ubi
476 1067 520 1112 ex
545 1051 690 1129 captivis
714 1043 883 1128 cognovit
906 1049 978 1127 quo
1003 1043 1039 1107 in
1062 1043 1141 1108 loco
1166 1043 1320 1108 hostium

221 1186 234 1235 ς
255 1155 375 1241 copiae
400 1154 638 1222 consedissent
664 1153 867 1220 cohortibus
893 1172 918 1217 x
942 1152 988 1218 ad
1014 1173 1108 1219 mare
1134 1152 1259 1219 relictis
1285 1163 1319 1219 et

254 1264 429 1349 equitibus
454 1284 519 1332 ccc
543 1271 603 1350 qui
629 1263 800 1349 praesidio
826 1264 973 1329 novibus
999 1274 1124 1340 essent,
1150 1264 1193 1330 de
1219 1263 1319 1330 tertie

254 1375 372 1460 vigilio
394 1375 437 1442 ad
461 1375 579 1441 hostes
602 1374 782 1441 contendit
804 1380 847 1440 eo
871 1373 987 1439 minus
1010 1375 1139 1440 veritus
1163 1375 1318 1451 novibus,

254 1485 348 1570 quod
369 1485 403 1550 in
423 1486 523 1550 litore
542 1485 638 1549 molli
657 1495 762 1568 atque
781 1490 902 1568 aperto
923 1484 1093 1571 deligotes
1112 1485 1155 1551 ad
1175 1491 1318 1552 ancoras

253 1595 477 1679 relinquebat.
528 1595 570 1659 Ei
586 1594 757 1679 praesidio
775 1594 991 1680 nivibusque
1008 1596 1053 1681 Q.
1069 1595 1209 1660 Atrium
1225 1616 1321 1681 prae·

205 1727 236 1764 ιο
254 1704 344 1770 lecit.
399 1705 477 1788 lpse
504 1710 610 1770 nocto
639 1711 845 1790 progressus
872 1707 966 1773 mdia
992 1727 1157 1792 passuum
1185 1706 1319 1773 circiter

253 1833 310 1879 x11
330 1814 483 1879 hostium
502 1813 621 1898 copies
640 1815 862 1900 conspicatus
881 1827 943 1883 est.

322 1922 375 1988 Illi
398 1923 553 2007 equiteto
577 1934 681 2008 atque
704 1925 832 1992 essedis
855 1927 897 1993 ad
922 1927 1052 1992 flomen
1075 1931 1251 2011 progressi
1272 1946 1318 1991 ex

251 2034 329 2098 loco
349 2033 527 2118 superiore
547 2040 687 2101 nostros
708 2035 892 2120 prohibere
912 2046 947 2101 et
968 2035 1138 2120 proelium
1159 2035 1318 2101 commit-

252 2154 325 2210 tere
349 2150 549 2229 coeperunt.
599 2145 744 2230 Repulsi
767 2146 810 2211 al)
835 2145 991 2229 equitoto
1016 2152 1053 2211 se
1076 2145 1110 2210 in
1135 2145 1235 2210 silves
1260 2144 1317 2210 ab·

204 2271 232 2321 15
251 2254 424 2332 diderunt,
442 2255 558 2321 locum
574 2262 667 2321 nacti
682 2255 825 2340 egregie
841 2265 875 2321 et
893 2261 1017 2321 notore
1034 2265 1067 2320 et
1085 2275 1190 2339 opere
1206 2259 1318 2318 mimi-

252 2376 339 2443 tum,
368 2386 472 2449 quem
500 2365 683 2432 domestici
710 2365 800 2442 belli,
830 2375 869 2431 ut
897 2364 1090 2440 videbitur,
1119 2370 1222 2429 causo
1249 2363 1317 2428 iam

251 2485 331 2539 ante
362 2481 663 2558 praeparaverann
696 2495 775 2539 nam
807 2474 935 2540 crebris
966 2473 1147 2540 arboribus
1178 2477 1318 2538 succisis

252 2589 373 2649 omnes
390 2583 552 2650 introitos
567 2594 663 2650 erant
680 2584 859 2668 praeclusi.
901 2583 972 2668 Ipsi
987 2605 1031 2649 ex
1048 2583 1140 2647 silvis
1156 2587 1223 2647 reri
1239 2586 1317 2665 pro-

253 2693 456 2778 pognobant
484 2700 692 2778 nostrosque
719 2693 809 2759 intro
835 2691 1047 2758 monitiones
1075 2691 1211 2775 ingredi
1238 2711 1317 2776 pro-

202 2823 235 2861 20
252 2801 427 2869 bibebant.
478 2803 525 2868 At
551 2802 677 2868 milites
703 2801 851 2887 legionis
875 2820 943 2879 v11,
969 2800 1143 2866 testodine
1168 2799 1258 2866 lacte
1282 2809 1317 2865 et

252 2933 382 2998 aggere
401 2913 443 2978 ad
464 2911 677 2977 monitiones
697 2911 843 2986 adiecto,
865 2911 983 2975 locum
1003 2916 1168 2994 ceperunt
1190 2915 1318 2993 eosque

251 3044 295 3088 ex
320 3022 413 3088 silvis
436 3022 647 3106 expulerunt
671 3026 789 3105 paucis
813 3019 1013 3086 vulneribus
1037 3026 1196 3105 acceptis.
1248 3017 1317 3086 Sed

250 3136 311 3195 eos
332 3129 506 3214 fugientes
528 3128 667 3213 longius
690 3128 816 3195 Caesar
837 3135 1002 3214 prosequi
1022 3130 1143 3208 vetuit,
1166 3140 1199 3196 et
1222 3127 1316 3214 quod

249 3240 317 3304 loci
333 3244 492 3304 notoram
508 3237 705 3321 ignorabat,
722 3248 755 3302 et
774 3236 869 3321 quod
887 3245 1017 3324 megne
1035 3249 1132 3322 parte
1149 3239 1217 3305 diei
1235 3245 1316 3304 con-

202 3371 232 3422 ²⁵
250 3353 389 3432 sompte
407 3344 592 3412 monitioni
611 3351 803 3412 castrorum
823 3358 961 3432 tempus
979 3347 1126 3434 relinqui
1144 3348 1292 3416 volebat.

574 3517 603 3572 A
616 3522 704 3571 sturm
716 3518 853 3590 damages
865 3517 913 3573 the
917 3519 995 3589 fleet.

196 3650 235 3701 10
321 3627 492 3694 Postridie
504 3627 578 3692 eius
591 3628 659 3694 diei
671 3634 774 3695 mone
786 3628 961 3714 tripertito
973 3629 1100 3697 milites
1114 3631 1318 3716 equitesque

251 3737 286 3802 in
315 3737 573 3822 expeditionem
604 3737 706 3816 misit,
739 3749 777 3803 ut
808 3745 879 3816 eos,
910 3745 970 3823 qui
1000 3740 1171 3826 legerant,
1204 3763 1316 3826 perse-

250 3857 447 3931 querentur.
502 3847 569 3912 His
598 3847 813 3931 aliquantum
843 3847 974 3914 itineris
1003 3857 1206 3937 progressis
1235 3873 1316 3919 cum

253 3956 320 4021 iam
345 3962 492 4022 extremi
516 3966 629 4022 essent
655 3955 689 4021 in
715 3963 913 4041 prospecto,
938 3959 1071 4043 equites
1096 3967 1116 4027 o
1141 3961 1186 4045 Q.
1213 3961 1316 4027 Atrio
