<?xml version="1.0" encoding="UTF-8"?>
<!DOCTYPE html PUBLIC "-//W3C//DTD XHTML 1.0 Transitional//EN"
    "http://www.w3.org/TR/xhtml1/DTD/xhtml1-transitional.dtd">
<html xmlns="http://www.w3.org/1999/xhtml" xml:lang="en" lang="en">
 <head>
  <title>
</title>
<meta http-equiv="Content-Type" content="text/html;charset=utf-8" />
  <meta name='ocr-system' content='tesseract 3.04.00' />
  <meta name='ocr-capabilities' content='ocr_page ocr_carea ocr_par ocr_line ocrx_word'/>
</head>
<body>
  <div class='ocr_page' id='page_1' title='image "./civlicaesarisde00westgoog_0089.png"; bbox 0 0 3000 4456; ppageno 0'>
   <div class='ocr_carea' id='block_1_1' title="bbox 530 387 1252 468">
    <p class='ocr_par' dir='ltr' id='par_1_1' title="bbox 530 387 1252 468">
     <span class='ocr_line' id='line_1_1' title="bbox 530 387 1252 468; baseline -0.001 -28"><span class='ocrx_word' id='word_1_1' title='bbox 530 387 648 440; x_wconf 70' lang='lat' dir='ltr'>crasa</span> <span class='ocrx_word' id='word_1_2' title='bbox 676 388 696 440; x_wconf 94' lang='lat'>1.</span> <span class='ocrx_word' id='word_1_3' title='bbox 723 387 806 440; x_wconf 74' lang='lat' dir='ltr'>cap,</span> <span class='ocrx_word' id='word_1_4' title='bbox 834 399 909 454; x_wconf 81' lang='lat'><strong>5-7.</strong></span> <span class='ocrx_word' id='word_1_5' title='bbox 1237 399 1252 468; x_wconf 73' lang='grc' dir='ltr'><strong><em>ς</em></strong></span> 
     </span>
    </p>
   </div>
   <div class='ocr_carea' id='block_1_2' title="bbox 186 563 1306 1721">
    <p class='ocr_par' dir='ltr' id='par_1_2' title="bbox 186 563 1254 739">
     <span class='ocr_line' id='line_1_2' title="bbox 187 563 1254 650; baseline -0.001 -20"><span class='ocrx_word' id='word_1_6' title='bbox 187 565 349 650; x_wconf 87' lang='lat' dir='ltr'>brogum‚</span> <span class='ocrx_word' id='word_1_7' title='bbox 370 571 428 649; x_wconf 87' lang='lat' dir='ltr'>qui</span> <span class='ocrx_word' id='word_1_8' title='bbox 448 570 559 649; x_wconf 81' lang='lat' dir='ltr'>noper</span> <span class='ocrx_word' id='word_1_9' title='bbox 576 571 690 649; x_wconf 76' lang='lat' dir='ltr'>pocati</span> <span class='ocrx_word' id='word_1_10' title='bbox 708 575 814 642; x_wconf 88' lang='lat' dir='ltr'>erant,</span> <span class='ocrx_word' id='word_1_11' title='bbox 836 564 1030 630; x_wconf 85' lang='lat' dir='ltr'>Rhodanus</span> <span class='ocrx_word' id='word_1_12' title='bbox 1049 563 1136 641; x_wconf 88' lang='lat' dir='ltr'>fluit,</span> <span class='ocrx_word' id='word_1_13' title='bbox 1155 563 1254 648; x_wconf 90' lang='lat' dir='ltr'>isque</span> 
     </span>
     <span class='ocr_line' id='line_1_3' title="bbox 186 673 776 739; baseline -0.002 0"><span class='ocrx_word' id='word_1_14' title='bbox 186 679 259 739; x_wconf 92' lang='lat' dir='ltr'>non</span> <span class='ocrx_word' id='word_1_15' title='bbox 274 674 376 738; x_wconf 76' lang='lat' dir='ltr'>millis</span> <span class='ocrx_word' id='word_1_16' title='bbox 391 673 477 739; x_wconf 93' lang='lat' dir='ltr'>locis</span> <span class='ocrx_word' id='word_1_17' title='bbox 492 673 583 739; x_wconf 86' lang='lat' dir='ltr'>vado</span> <span class='ocrx_word' id='word_1_18' title='bbox 600 679 776 739; x_wconf 77' lang='lat' dir='ltr'>transitur.</span> 
     </span>
    </p>

    <p class='ocr_par' dir='ltr' id='par_1_3' title="bbox 186 779 1306 1721">
     <span class='ocr_line' id='line_1_4' title="bbox 256 779 1256 867; baseline -0.001 -20"><span class='ocrx_word' id='word_1_19' title='bbox 256 781 466 848; x_wconf 78' lang='lat' dir='ltr'>Extromum</span> <span class='ocrx_word' id='word_1_20' title='bbox 482 781 652 866; x_wconf 91' lang='lat' dir='ltr'>oppidum</span> <span class='ocrx_word' id='word_1_21' title='bbox 666 781 901 867; x_wconf 79' lang='lat' dir='ltr'>Allobrogum</span> <span class='ocrx_word' id='word_1_22' title='bbox 917 790 969 847; x_wconf 89' lang='lat' dir='ltr'>est</span> <span class='ocrx_word' id='word_1_23' title='bbox 985 779 1256 866; x_wconf 88' lang='lat' dir='ltr'>proximumque</span> 
     </span>
     <span class='ocr_line' id='line_1_5' title="bbox 188 889 1255 976; baseline -0.003 -18"><span class='ocrx_word' id='word_1_24' title='bbox 188 891 435 958; x_wconf 61' lang='lat' dir='ltr'>Helvetiorum</span> <span class='ocrx_word' id='word_1_25' title='bbox 457 890 583 957; x_wconf 81' lang='lat' dir='ltr'>linibus</span> <span class='ocrx_word' id='word_1_26' title='bbox 606 889 756 956; x_wconf 80' lang='lat' dir='ltr'>Genova.</span> <span class='ocrx_word' id='word_1_27' title='bbox 808 891 863 955; x_wconf 92' lang='lat' dir='ltr'>Ex</span> <span class='ocrx_word' id='word_1_28' title='bbox 885 897 927 956; x_wconf 94' lang='lat' dir='ltr'>eo</span> <span class='ocrx_word' id='word_1_29' title='bbox 949 890 1081 976; x_wconf 90' lang='lat' dir='ltr'>oppido</span> <span class='ocrx_word' id='word_1_30' title='bbox 1102 890 1191 975; x_wconf 85' lang='lat' dir='ltr'>pons</span> <span class='ocrx_word' id='word_1_31' title='bbox 1211 889 1255 955; x_wconf 88' lang='lat' dir='ltr'>ad</span> 
     </span>
     <span class='ocr_line' id='line_1_6' title="bbox 186 998 1286 1084; baseline -0.003 -18"><span class='ocrx_word' id='word_1_32' title='bbox 186 999 372 1066; x_wconf 79' lang='lat' dir='ltr'>Helvotios</span> <span class='ocrx_word' id='word_1_33' title='bbox 385 998 548 1084; x_wconf 86' lang='lat' dir='ltr'>pertinet.</span> <span class='ocrx_word' id='word_1_34' title='bbox 598 999 850 1084; x_wconf 80' lang='lat' dir='ltr'>Allobrogibus</span> <span class='ocrx_word' id='word_1_35' title='bbox 865 1005 938 1065; x_wconf 77' lang='lat' dir='ltr'>soso</span> <span class='ocrx_word' id='word_1_36' title='bbox 953 1000 1006 1065; x_wconf 90' lang='lat' dir='ltr'>vel</span> <span class='ocrx_word' id='word_1_37' title='bbox 1020 1005 1254 1083; x_wconf 76' lang='lat' dir='ltr'>persuasoros,</span> <span class='ocrx_word' id='word_1_38' title='bbox 1274 1027 1286 1077; x_wconf 84' lang='lat'><strong>5</strong></span> 
     </span>
     <span class='ocr_line' id='line_1_7' title="bbox 186 1107 1255 1194; baseline 0 -19"><span class='ocrx_word' id='word_1_39' title='bbox 186 1109 282 1194; x_wconf 91' lang='lat' dir='ltr'>quod</span> <span class='ocrx_word' id='word_1_40' title='bbox 296 1109 454 1175; x_wconf 90' lang='lat' dir='ltr'>nondum</span> <span class='ocrx_word' id='word_1_41' title='bbox 468 1108 564 1174; x_wconf 92' lang='lat' dir='ltr'>bono</span> <span class='ocrx_word' id='word_1_42' title='bbox 579 1107 695 1174; x_wconf 90' lang='lat' dir='ltr'>animo</span> <span class='ocrx_word' id='word_1_43' title='bbox 710 1107 744 1173; x_wconf 90' lang='lat' dir='ltr'>in</span> <span class='ocrx_word' id='word_1_44' title='bbox 759 1108 930 1194; x_wconf 90' lang='lat' dir='ltr'>populum</span> <span class='ocrx_word' id='word_1_45' title='bbox 946 1107 1147 1174; x_wconf 76' lang='lat' dir='ltr'>Romanum</span> <span class='ocrx_word' id='word_1_46' title='bbox 1162 1108 1255 1175; x_wconf 83' lang='lat' dir='ltr'>vido-</span> 
     </span>
     <span class='ocr_line' id='line_1_8' title="bbox 186 1217 1254 1302; baseline 0.001 -19"><span class='ocrx_word' id='word_1_47' title='bbox 186 1229 316 1296; x_wconf 88' lang='lat' dir='ltr'>rentur,</span> <span class='ocrx_word' id='word_1_48' title='bbox 332 1217 593 1296; x_wconf 61' lang='lat' dir='ltr'>existimabant,</span> <span class='ocrx_word' id='word_1_49' title='bbox 609 1218 662 1282; x_wconf 88' lang='lat' dir='ltr'>vel</span> <span class='ocrx_word' id='word_1_50' title='bbox 677 1223 711 1282; x_wconf 87' lang='lat' dir='ltr'>vi</span> <span class='ocrx_word' id='word_1_51' title='bbox 726 1223 921 1296; x_wconf 78' lang='lat' dir='ltr'>cooctoros,</span> <span class='ocrx_word' id='word_1_52' title='bbox 939 1229 977 1282; x_wconf 90' lang='lat' dir='ltr'>ut</span> <span class='ocrx_word' id='word_1_53' title='bbox 994 1239 1055 1302; x_wconf 89' lang='lat' dir='ltr'>per</span> <span class='ocrx_word' id='word_1_54' title='bbox 1070 1224 1151 1284; x_wconf 91' lang='lat' dir='ltr'>suos</span> <span class='ocrx_word' id='word_1_55' title='bbox 1167 1218 1254 1284; x_wconf 77' lang='lat' dir='ltr'>linos</span> 
     </span>
     <span class='ocr_line' id='line_1_9' title="bbox 187 1326 1256 1412; baseline 0.001 -19"><span class='ocrx_word' id='word_1_56' title='bbox 187 1334 248 1394; x_wconf 90' lang='lat' dir='ltr'>eos</span> <span class='ocrx_word' id='word_1_57' title='bbox 270 1333 319 1393; x_wconf 87' lang='lat' dir='ltr'>ire</span> <span class='ocrx_word' id='word_1_58' title='bbox 342 1337 556 1412; x_wconf 85' lang='lat' dir='ltr'>paterentur.</span> <span class='ocrx_word' id='word_1_59' title='bbox 607 1326 782 1393; x_wconf 88' lang='lat' dir='ltr'>Omnibus</span> <span class='ocrx_word' id='word_1_60' title='bbox 806 1327 908 1393; x_wconf 79' lang='lat' dir='ltr'>robus</span> <span class='ocrx_word' id='word_1_61' title='bbox 932 1327 976 1393; x_wconf 90' lang='lat' dir='ltr'>ad</span> <span class='ocrx_word' id='word_1_62' title='bbox 1001 1326 1256 1412; x_wconf 86' lang='lat' dir='ltr'>profectionem</span> 
     </span>
     <span class='ocr_line' id='line_1_10' title="bbox 186 1435 1256 1521; baseline -0.001 -18"><span class='ocrx_word' id='word_1_63' title='bbox 186 1442 399 1521; x_wconf 78' lang='lat' dir='ltr'>comparotis</span> <span class='ocrx_word' id='word_1_64' title='bbox 426 1436 518 1502; x_wconf 93' lang='lat' dir='ltr'>diem</span> <span class='ocrx_word' id='word_1_65' title='bbox 545 1436 677 1514; x_wconf 86' lang='lat' dir='ltr'>dicunt,</span> <span class='ocrx_word' id='word_1_66' title='bbox 706 1442 774 1520; x_wconf 75' lang='lat' dir='ltr'>quo</span> <span class='ocrx_word' id='word_1_67' title='bbox 801 1435 857 1501; x_wconf 82' lang='lat' dir='ltr'>dio</span> <span class='ocrx_word' id='word_1_68' title='bbox 884 1436 927 1501; x_wconf 90' lang='lat' dir='ltr'>ad</span> <span class='ocrx_word' id='word_1_69' title='bbox 955 1443 1065 1521; x_wconf 74' lang='lat' dir='ltr'>rIpam</span> <span class='ocrx_word' id='word_1_70' title='bbox 1093 1437 1256 1502; x_wconf 87' lang='lat' dir='ltr'>Rhodani</span> 
     </span>
     <span class='ocr_line' id='line_1_11' title="bbox 189 1543 1306 1631; baseline 0 -19"><span class='ocrx_word' id='word_1_71' title='bbox 189 1551 312 1612; x_wconf 82' lang='lat' dir='ltr'>omnos</span> <span class='ocrx_word' id='word_1_72' title='bbox 336 1545 558 1612; x_wconf 89' lang='lat' dir='ltr'>conveniant.</span> <span class='ocrx_word' id='word_1_73' title='bbox 609 1545 643 1611; x_wconf 90' lang='lat' dir='ltr'>Is</span> <span class='ocrx_word' id='word_1_74' title='bbox 667 1543 741 1611; x_wconf 77' lang='lat' dir='ltr'>dios</span> <span class='ocrx_word' id='word_1_75' title='bbox 765 1555 840 1610; x_wconf 88' lang='lat' dir='ltr'>erat</span> <span class='ocrx_word' id='word_1_76' title='bbox 865 1565 894 1610; x_wconf 88' lang='lat' dir='ltr'>a.</span> <span class='ocrx_word' id='word_1_77' title='bbox 921 1545 953 1610; x_wconf 92' lang='lat' dir='ltr'>d.</span> <span class='ocrx_word' id='word_1_78' title='bbox 981 1545 1024 1611; x_wconf 89' lang='lat' dir='ltr'>V.</span> <span class='ocrx_word' id='word_1_79' title='bbox 1053 1545 1130 1611; x_wconf 89' lang='lat' dir='ltr'>Kal.</span> <span class='ocrx_word' id='word_1_80' title='bbox 1157 1545 1253 1631; x_wconf 69' lang='lat' dir='ltr'>Apr„</span> <span class='ocrx_word' id='word_1_81' title='bbox 1275 1575 1306 1613; x_wconf 83' lang='grc' dir='ltr'>ιο</span> 
     </span>
     <span class='ocr_line' id='line_1_12' title="bbox 188 1652 842 1721; baseline -0.002 -2"><span class='ocrx_word' id='word_1_82' title='bbox 188 1655 229 1721; x_wconf 95' lang='lat' dir='ltr'>L.</span> <span class='ocrx_word' id='word_1_83' title='bbox 252 1655 378 1721; x_wconf 80' lang='lat' dir='ltr'>Pisone</span> <span class='ocrx_word' id='word_1_84' title='bbox 397 1654 440 1720; x_wconf 87' lang='grc' dir='ltr'>Α.</span> <span class='ocrx_word' id='word_1_85' title='bbox 463 1653 611 1721; x_wconf 87' lang='lat' dir='ltr'>Gabinio</span> <span class='ocrx_word' id='word_1_86' title='bbox 632 1652 842 1719; x_wconf 90' lang='lat' dir='ltr'>consulibus.</span> 
     </span>
    </p>
   </div>
   <div class='ocr_carea' id='block_1_3' title="bbox 211 1874 1233 2019">
    <p class='ocr_par' dir='ltr' id='par_1_4' title="bbox 211 1874 1233 2019">
     <span class='ocr_line' id='line_1_13' title="bbox 211 1874 1233 1948; baseline 0 -17"><span class='ocrx_word' id='word_1_87' title='bbox 211 1877 318 1932; x_wconf 80' lang='lat' dir='ltr'>Caesar</span> <span class='ocrx_word' id='word_1_88' title='bbox 329 1876 447 1931; x_wconf 78' lang='lat' dir='ltr'>hurries</span> <span class='ocrx_word' id='word_1_89' title='bbox 458 1881 488 1930; x_wconf 85' lang='lat' dir='ltr'>to</span> <span class='ocrx_word' id='word_1_90' title='bbox 501 1875 621 1930; x_wconf 69' lang='lat' dir='ltr'>Genava.</span> <span class='ocrx_word' id='word_1_91' title='bbox 667 1874 743 1945; x_wconf 80' lang='lat' dir='ltr'>They</span> <span class='ocrx_word' id='word_1_92' title='bbox 754 1875 807 1928; x_wconf 85' lang='lat' dir='ltr'>ask</span> <span class='ocrx_word' id='word_1_93' title='bbox 818 1874 865 1929; x_wconf 80' lang='lat' dir='ltr'>his</span> <span class='ocrx_word' id='word_1_94' title='bbox 871 1877 1053 1946; x_wconf 73' lang='lat' dir='ltr'>permt&#39;sszbn.</span> <span class='ocrx_word' id='word_1_95' title='bbox 1094 1877 1141 1930; x_wconf 82' lang='lat' dir='ltr'>He</span> <span class='ocrx_word' id='word_1_96' title='bbox 1145 1879 1233 1948; x_wconf 79' lang='lat' dir='ltr'>gives</span> 
     </span>
     <span class='ocr_line' id='line_1_14' title="bbox 572 1965 870 2019; baseline 0.007 -3"><span class='ocrx_word' id='word_1_97' title='bbox 572 1979 612 2016; x_wconf 88' lang='lat' dir='ltr'>an</span> <span class='ocrx_word' id='word_1_98' title='bbox 624 1965 870 2019; x_wconf 67' lang='lat' dir='ltr'>evastbeanswer.</span> 
     </span>
    </p>
   </div>
   <div class='ocr_carea' id='block_1_4' title="bbox 257 2094 1294 2186">
    <p class='ocr_par' dir='ltr' id='par_1_5' title="bbox 257 2094 1294 2186">
     <span class='ocr_line' id='line_1_15' title="bbox 257 2094 1294 2186; baseline 0 -24"><span class='ocrx_word' id='word_1_99' title='bbox 257 2094 394 2163; x_wconf 85' lang='lat' dir='ltr'>Caesari</span> <span class='ocrx_word' id='word_1_100' title='bbox 424 2119 503 2164; x_wconf 93' lang='lat' dir='ltr'>cum</span> <span class='ocrx_word' id='word_1_101' title='bbox 532 2097 566 2164; x_wconf 91' lang='lat' dir='ltr'>id</span> <span class='ocrx_word' id='word_1_102' title='bbox 596 2099 800 2165; x_wconf 77' lang='lat' dir='ltr'>mintiotum</span> <span class='ocrx_word' id='word_1_103' title='bbox 829 2109 918 2165; x_wconf 86' lang='lat' dir='ltr'>esset</span> <span class='ocrx_word' id='word_1_104' title='bbox 948 2105 1008 2164; x_wconf 89' lang='lat' dir='ltr'>eos</span> <span class='ocrx_word' id='word_1_105' title='bbox 1038 2095 1294 2186; x_wconf 89' lang='lat' dir='ltr'>provinciam7</span> 
     </span>
    </p>
   </div>
   <div class='ocr_carea' id='block_1_5' title="bbox 184 2205 1305 4042">
    <p class='ocr_par' dir='ltr' id='par_1_6' title="bbox 184 2205 1305 4042">
     <span class='ocr_line' id='line_1_16' title="bbox 188 2205 1254 2291; baseline -0.002 -19"><span class='ocrx_word' id='word_1_106' title='bbox 188 2219 343 2273; x_wconf 91' lang='lat' dir='ltr'>nostram</span> <span class='ocrx_word' id='word_1_107' title='bbox 364 2207 428 2273; x_wconf 91' lang='lat' dir='ltr'>iter</span> <span class='ocrx_word' id='word_1_108' title='bbox 448 2207 560 2274; x_wconf 87' lang='lat' dir='ltr'>iacere</span> <span class='ocrx_word' id='word_1_109' title='bbox 580 2213 709 2285; x_wconf 74' lang='lat' dir='ltr'>conon,</span> <span class='ocrx_word' id='word_1_110' title='bbox 730 2213 880 2273; x_wconf 79' lang='lat' dir='ltr'>motorat</span> <span class='ocrx_word' id='word_1_111' title='bbox 901 2208 943 2272; x_wconf 87' lang='lat' dir='ltr'>ab</span> <span class='ocrx_word' id='word_1_112' title='bbox 966 2208 1050 2272; x_wconf 90' lang='lat' dir='ltr'>urbe</span> <span class='ocrx_word' id='word_1_113' title='bbox 1072 2205 1254 2291; x_wconf 86' lang='lat' dir='ltr'>proficisci,</span> 
     </span>
     <span class='ocr_line' id='line_1_17' title="bbox 187 2315 1257 2402; baseline -0.001 -19"><span class='ocrx_word' id='word_1_114' title='bbox 187 2327 222 2383; x_wconf 87' lang='lat' dir='ltr'>et</span> <span class='ocrx_word' id='word_1_115' title='bbox 243 2339 348 2402; x_wconf 91' lang='lat' dir='ltr'>quam</span> <span class='ocrx_word' id='word_1_116' title='bbox 368 2317 530 2384; x_wconf 77' lang='lat' dir='ltr'>maximis</span> <span class='ocrx_word' id='word_1_117' title='bbox 551 2329 666 2402; x_wconf 88' lang='lat' dir='ltr'>potest</span> <span class='ocrx_word' id='word_1_118' title='bbox 689 2316 869 2385; x_wconf 89' lang='lat' dir='ltr'>itineribus</span> <span class='ocrx_word' id='word_1_119' title='bbox 888 2315 923 2382; x_wconf 89' lang='lat' dir='ltr'>in</span> <span class='ocrx_word' id='word_1_120' title='bbox 945 2315 1093 2383; x_wconf 88' lang='lat' dir='ltr'>Galliam</span> <span class='ocrx_word' id='word_1_121' title='bbox 1114 2315 1257 2383; x_wconf 91' lang='lat' dir='ltr'>ulterio-</span> 
     </span>
     <span class='ocr_line' id='line_1_18' title="bbox 184 2425 1304 2511; baseline 0.003 -20"><span class='ocrx_word' id='word_1_122' title='bbox 184 2447 257 2492; x_wconf 89' lang='lat' dir='ltr'>rem</span> <span class='ocrx_word' id='word_1_123' title='bbox 282 2427 466 2493; x_wconf 90' lang='lat' dir='ltr'>contendit</span> <span class='ocrx_word' id='word_1_124' title='bbox 490 2438 525 2494; x_wconf 90' lang='lat' dir='ltr'>et</span> <span class='ocrx_word' id='word_1_125' title='bbox 550 2428 594 2493; x_wconf 94' lang='lat' dir='ltr'>ad</span> <span class='ocrx_word' id='word_1_126' title='bbox 619 2428 797 2494; x_wconf 80' lang='lat' dir='ltr'>Genovam</span> <span class='ocrx_word' id='word_1_127' title='bbox 822 2426 990 2511; x_wconf 88' lang='lat' dir='ltr'>pervenit.</span> <span class='ocrx_word' id='word_1_128' title='bbox 1053 2425 1257 2493; x_wconf 81' lang='lat' dir='ltr'>Provinciae</span> <span class='ocrx_word' id='word_1_129' title='bbox 1276 2458 1304 2508; x_wconf 84' lang='lat'>¹5</span> 
     </span>
     <span class='ocr_line' id='line_1_19' title="bbox 185 2537 1255 2622; baseline 0.001 -20"><span class='ocrx_word' id='word_1_130' title='bbox 185 2541 256 2602; x_wconf 87' lang='lat' dir='ltr'>toti</span> <span class='ocrx_word' id='word_1_131' title='bbox 269 2558 374 2621; x_wconf 91' lang='lat' dir='ltr'>quam</span> <span class='ocrx_word' id='word_1_132' title='bbox 390 2537 582 2603; x_wconf 77' lang='lat' dir='ltr'>moximum</span> <span class='ocrx_word' id='word_1_133' title='bbox 597 2549 715 2622; x_wconf 90' lang='lat' dir='ltr'>potest</span> <span class='ocrx_word' id='word_1_134' title='bbox 733 2537 884 2604; x_wconf 86' lang='lat' dir='ltr'>militum</span> <span class='ocrx_word' id='word_1_135' title='bbox 899 2558 1084 2603; x_wconf 88' lang='lat' dir='ltr'>numerum</span> <span class='ocrx_word' id='word_1_136' title='bbox 1099 2537 1255 2621; x_wconf 89' lang='lat' dir='ltr'>imperat,</span> 
     </span>
     <span class='ocr_line' id='line_1_20' title="bbox 186 2647 1254 2733; baseline -0.001 -21"><span class='ocrx_word' id='word_1_137' title='bbox 186 2656 312 2713; x_wconf 88' lang='lat' dir='ltr'>-erat</span> <span class='ocrx_word' id='word_1_138' title='bbox 329 2653 474 2712; x_wconf 88' lang='lat' dir='ltr'>omnino</span> <span class='ocrx_word' id='word_1_139' title='bbox 490 2647 524 2712; x_wconf 90' lang='lat' dir='ltr'>in</span> <span class='ocrx_word' id='word_1_140' title='bbox 542 2647 653 2713; x_wconf 82' lang='lat' dir='ltr'>Gallia</span> <span class='ocrx_word' id='word_1_141' title='bbox 670 2647 835 2713; x_wconf 87' lang='lat' dir='ltr'>ulteriore</span> <span class='ocrx_word' id='word_1_142' title='bbox 853 2647 945 2733; x_wconf 87' lang='lat' dir='ltr'>legio</span> <span class='ocrx_word' id='word_1_143' title='bbox 963 2653 1254 2732; x_wconf 71' lang='lat' dir='ltr'>ona—pontem,</span> 
     </span>
     <span class='ocr_line' id='line_1_21' title="bbox 187 2755 1256 2840; baseline 0.002 -20"><span class='ocrx_word' id='word_1_144' title='bbox 187 2761 246 2840; x_wconf 93' lang='lat' dir='ltr'>qui</span> <span class='ocrx_word' id='word_1_145' title='bbox 265 2765 339 2820; x_wconf 86' lang='lat' dir='ltr'>erat</span> <span class='ocrx_word' id='word_1_146' title='bbox 358 2757 401 2822; x_wconf 92' lang='lat' dir='ltr'>ad</span> <span class='ocrx_word' id='word_1_147' title='bbox 421 2755 610 2835; x_wconf 80' lang='lat' dir='ltr'>Genovam,</span> <span class='ocrx_word' id='word_1_148' title='bbox 630 2757 725 2824; x_wconf 92' lang='lat' dir='ltr'>iubet</span> <span class='ocrx_word' id='word_1_149' title='bbox 746 2758 903 2823; x_wconf 84' lang='lat' dir='ltr'>rescindi.</span> <span class='ocrx_word' id='word_1_150' title='bbox 954 2757 1024 2824; x_wconf 93' lang='lat' dir='ltr'>Ubi</span> <span class='ocrx_word' id='word_1_151' title='bbox 1045 2757 1088 2824; x_wconf 77' lang='lat' dir='ltr'>do</span> <span class='ocrx_word' id='word_1_152' title='bbox 1106 2757 1180 2823; x_wconf 75' lang='lat' dir='ltr'>oius</span> <span class='ocrx_word' id='word_1_153' title='bbox 1197 2757 1256 2822; x_wconf 91' lang='lat' dir='ltr'>ad-</span> 
     </span>
     <span class='ocr_line' id='line_1_22' title="bbox 187 2864 1256 2953; baseline 0.003 -24"><span class='ocrx_word' id='word_1_154' title='bbox 187 2871 295 2930; x_wconf 81' lang='lat' dir='ltr'>vento</span> <span class='ocrx_word' id='word_1_155' title='bbox 311 2864 466 2931; x_wconf 82' lang='lat' dir='ltr'>Helvotii</span> <span class='ocrx_word' id='word_1_156' title='bbox 481 2865 647 2932; x_wconf 73' lang='lat' dir='ltr'>certiores</span> <span class='ocrx_word' id='word_1_157' title='bbox 661 2867 742 2933; x_wconf 89' lang='lat' dir='ltr'>lacti</span> <span class='ocrx_word' id='word_1_158' title='bbox 758 2878 850 2945; x_wconf 89' lang='lat' dir='ltr'>sunt,</span> <span class='ocrx_word' id='word_1_159' title='bbox 867 2868 1005 2953; x_wconf 76' lang='lat' dir='ltr'>logotos</span> <span class='ocrx_word' id='word_1_160' title='bbox 1021 2867 1064 2933; x_wconf 91' lang='lat' dir='ltr'>ad</span> <span class='ocrx_word' id='word_1_161' title='bbox 1081 2889 1161 2933; x_wconf 86' lang='lat' dir='ltr'>eum</span> <span class='ocrx_word' id='word_1_162' title='bbox 1177 2867 1256 2932; x_wconf 92' lang='lat' dir='ltr'>mit-</span> 
     </span>
     <span class='ocr_line' id='line_1_23' title="bbox 188 2974 1305 3062; baseline 0.007 -24"><span class='ocrx_word' id='word_1_163' title='bbox 188 2984 268 3039; x_wconf 86' lang='lat' dir='ltr'>tunt</span> <span class='ocrx_word' id='word_1_164' title='bbox 289 2974 522 3040; x_wconf 90' lang='lat' dir='ltr'>nobilissimos</span> <span class='ocrx_word' id='word_1_165' title='bbox 542 2975 704 3054; x_wconf 71' lang='lat' dir='ltr'>civitotis</span> <span class='ocrx_word' id='word_1_166' title='bbox 725 2976 822 3041; x_wconf 81' lang='lat' dir='ltr'>cuius</span> <span class='ocrx_word' id='word_1_167' title='bbox 841 2976 1029 3062; x_wconf 77' lang='lat' dir='ltr'>logationis</span> <span class='ocrx_word' id='word_1_168' title='bbox 1051 2975 1254 3041; x_wconf 77' lang='lat' dir='ltr'>Nammoius</span> <span class='ocrx_word' id='word_1_169' title='bbox 1273 3009 1305 3046; x_wconf 85' lang='lat'>20</span> 
     </span>
     <span class='ocr_line' id='line_1_24' title="bbox 186 3067 1269 3170; baseline 0.003 -22"><span class='ocrx_word' id='word_1_170' title='bbox 186 3092 220 3148; x_wconf 87' lang='lat' dir='ltr'>et</span> <span class='ocrx_word' id='word_1_171' title='bbox 240 3082 486 3149; x_wconf 90' lang='lat' dir='ltr'>Verucloetius</span> <span class='ocrx_word' id='word_1_172' title='bbox 504 3083 695 3168; x_wconf 83' lang='lat' dir='ltr'>principem</span> <span class='ocrx_word' id='word_1_173' title='bbox 713 3067 829 3150; x_wconf 88' lang='lat' dir='ltr'>locum</span> <span class='ocrx_word' id='word_1_174' title='bbox 848 3085 1068 3164; x_wconf 81' lang='lat' dir='ltr'>obtinobant,</span> <span class='ocrx_word' id='word_1_175' title='bbox 1087 3092 1147 3170; x_wconf 92' lang='lat' dir='ltr'>qui</span> <span class='ocrx_word' id='word_1_176' title='bbox 1165 3085 1269 3166; x_wconf 29' lang='lat' dir='ltr'>dice-¹</span> 
     </span>
     <span class='ocr_line' id='line_1_25' title="bbox 186 3165 1255 3280; baseline 0.005 -25"><span class='ocrx_word' id='word_1_177' title='bbox 186 3165 264 3257; x_wconf 82' lang='lat' dir='ltr'>rerlt</span> <span class='ocrx_word' id='word_1_178' title='bbox 285 3191 348 3257; x_wconf 90' lang='lat' dir='ltr'>sibi</span> <span class='ocrx_word' id='word_1_179' title='bbox 366 3214 439 3258; x_wconf 87' lang='lat' dir='ltr'>esse</span> <span class='ocrx_word' id='word_1_180' title='bbox 457 3192 490 3257; x_wconf 91' lang='lat' dir='ltr'>in</span> <span class='ocrx_word' id='word_1_181' title='bbox 509 3193 626 3258; x_wconf 91' lang='lat' dir='ltr'>animo</span> <span class='ocrx_word' id='word_1_182' title='bbox 645 3193 718 3259; x_wconf 87' lang='lat' dir='ltr'>sine</span> <span class='ocrx_word' id='word_1_183' title='bbox 736 3196 807 3260; x_wconf 84' lang='lat' dir='ltr'>ollo</span> <span class='ocrx_word' id='word_1_184' title='bbox 826 3194 996 3261; x_wconf 90' lang='lat' dir='ltr'>maleficio</span> <span class='ocrx_word' id='word_1_185' title='bbox 1015 3195 1079 3261; x_wconf 91' lang='lat' dir='ltr'>iter</span> <span class='ocrx_word' id='word_1_186' title='bbox 1097 3216 1158 3280; x_wconf 89' lang='lat' dir='ltr'>per</span> <span class='ocrx_word' id='word_1_187' title='bbox 1177 3201 1255 3279; x_wconf 93' lang='lat' dir='ltr'>pro-</span> 
     </span>
     <span class='ocr_line' id='line_1_26' title="bbox 187 3299 1256 3386; baseline 0.004 -22"><span class='ocrx_word' id='word_1_188' title='bbox 187 3299 336 3367; x_wconf 91' lang='lat' dir='ltr'>vinciam</span> <span class='ocrx_word' id='word_1_189' title='bbox 351 3299 471 3378; x_wconf 90' lang='lat' dir='ltr'>lacere,</span> <span class='ocrx_word' id='word_1_190' title='bbox 490 3309 675 3386; x_wconf 74' lang='lat' dir='ltr'>propterea</span> <span class='ocrx_word' id='word_1_191' title='bbox 692 3303 786 3386; x_wconf 92' lang='lat' dir='ltr'>quod</span> <span class='ocrx_word' id='word_1_192' title='bbox 804 3303 896 3369; x_wconf 89' lang='lat' dir='ltr'>aliud</span> <span class='ocrx_word' id='word_1_193' title='bbox 914 3303 980 3370; x_wconf 88' lang='lat' dir='ltr'>iter</span> <span class='ocrx_word' id='word_1_194' title='bbox 995 3304 1162 3370; x_wconf 78' lang='lat' dir='ltr'>haborent</span> <span class='ocrx_word' id='word_1_195' title='bbox 1181 3303 1256 3369; x_wconf 80' lang='lat' dir='ltr'>nol-</span> 
     </span>
     <span class='ocr_line' id='line_1_27' title="bbox 187 3408 1170 3495; baseline 0.006 -23"><span class='ocrx_word' id='word_1_196' title='bbox 187 3408 273 3488; x_wconf 91' lang='lat' dir='ltr'>lum;</span> <span class='ocrx_word' id='word_1_197' title='bbox 298 3417 433 3495; x_wconf 78' lang='lat' dir='ltr'>rogore,</span> <span class='ocrx_word' id='word_1_198' title='bbox 452 3422 489 3476; x_wconf 89' lang='lat' dir='ltr'>ut</span> <span class='ocrx_word' id='word_1_199' title='bbox 506 3410 580 3477; x_wconf 81' lang='lat' dir='ltr'>oius</span> <span class='ocrx_word' id='word_1_200' title='bbox 596 3411 781 3478; x_wconf 79' lang='lat' dir='ltr'>voluntote</span> <span class='ocrx_word' id='word_1_201' title='bbox 798 3413 833 3478; x_wconf 90' lang='lat' dir='ltr'>id</span> <span class='ocrx_word' id='word_1_202' title='bbox 850 3412 912 3478; x_wconf 90' lang='lat' dir='ltr'>sibi</span> <span class='ocrx_word' id='word_1_203' title='bbox 931 3412 1041 3479; x_wconf 86' lang='lat' dir='ltr'>lacere</span> <span class='ocrx_word' id='word_1_204' title='bbox 1059 3414 1170 3480; x_wconf 90' lang='lat' dir='ltr'>liceat.</span> 
     </span>
     <span class='ocr_line' id='line_1_28' title="bbox 256 3517 1303 3604; baseline 0.004 -19"><span class='ocrx_word' id='word_1_205' title='bbox 256 3517 392 3597; x_wconf 88' lang='lat' dir='ltr'>Caesar,</span> <span class='ocrx_word' id='word_1_206' title='bbox 415 3519 510 3604; x_wconf 90' lang='lat' dir='ltr'>quod</span> <span class='ocrx_word' id='word_1_207' title='bbox 532 3521 700 3586; x_wconf 76' lang='lat' dir='ltr'>memorio</span> <span class='ocrx_word' id='word_1_208' title='bbox 721 3522 863 3588; x_wconf 77' lang='lat' dir='ltr'>tenobat</span> <span class='ocrx_word' id='word_1_209' title='bbox 886 3521 927 3587; x_wconf 92' lang='lat' dir='ltr'>L.</span> <span class='ocrx_word' id='word_1_210' title='bbox 951 3521 1109 3589; x_wconf 88' lang='lat' dir='ltr'>Cassium</span> <span class='ocrx_word' id='word_1_211' title='bbox 1131 3529 1255 3589; x_wconf 91' lang='lat' dir='ltr'>consu·</span> <span class='ocrx_word' id='word_1_212' title='bbox 1273 3551 1303 3601; x_wconf 67' lang='grc' dir='ltr'>ας</span> 
     </span>
     <span class='ocr_line' id='line_1_29' title="bbox 186 3627 1254 3717; baseline 0.007 -27"><span class='ocrx_word' id='word_1_213' title='bbox 186 3627 254 3693; x_wconf 93' lang='lat' dir='ltr'>lem</span> <span class='ocrx_word' id='word_1_214' title='bbox 271 3634 425 3695; x_wconf 84' lang='lat' dir='ltr'>occisum</span> <span class='ocrx_word' id='word_1_215' title='bbox 442 3628 706 3713; x_wconf 87' lang='lat' dir='ltr'>exercitumque</span> <span class='ocrx_word' id='word_1_216' title='bbox 722 3630 795 3696; x_wconf 78' lang='lat' dir='ltr'>olus</span> <span class='ocrx_word' id='word_1_217' title='bbox 812 3632 854 3697; x_wconf 91' lang='lat' dir='ltr'>ab</span> <span class='ocrx_word' id='word_1_218' title='bbox 873 3632 1047 3698; x_wconf 78' lang='lat' dir='ltr'>Helvotiis</span> <span class='ocrx_word' id='word_1_219' title='bbox 1064 3633 1202 3717; x_wconf 91' lang='lat' dir='ltr'>pulsum</span> <span class='ocrx_word' id='word_1_220' title='bbox 1218 3642 1254 3698; x_wconf 89' lang='lat' dir='ltr'>ct</span> 
     </span>
     <span class='ocr_line' id='line_1_30' title="bbox 185 3735 1256 3826; baseline 0.007 -26"><span class='ocrx_word' id='word_1_221' title='bbox 185 3735 250 3801; x_wconf 90' lang='lat' dir='ltr'>sub</span> <span class='ocrx_word' id='word_1_222' title='bbox 268 3735 390 3822; x_wconf 87' lang='lat' dir='ltr'>iugum</span> <span class='ocrx_word' id='word_1_223' title='bbox 409 3737 562 3815; x_wconf 85' lang='lat' dir='ltr'>missum,</span> <span class='ocrx_word' id='word_1_224' title='bbox 581 3740 845 3805; x_wconf 77' lang='lat' dir='ltr'>concodendum</span> <span class='ocrx_word' id='word_1_225' title='bbox 865 3747 936 3806; x_wconf 90' lang='lat' dir='ltr'>non</span> <span class='ocrx_word' id='word_1_226' title='bbox 955 3742 1119 3826; x_wconf 75' lang='lat' dir='ltr'>putobat;</span> <span class='ocrx_word' id='word_1_227' title='bbox 1143 3763 1256 3826; x_wconf 89' lang='lat' dir='ltr'>neque</span> 
     </span>
     <span class='ocr_line' id='line_1_31' title="bbox 187 3843 1256 3936; baseline 0.007 -27"><span class='ocrx_word' id='word_1_228' title='bbox 187 3843 346 3912; x_wconf 81' lang='lat' dir='ltr'>hominos</span> <span class='ocrx_word' id='word_1_229' title='bbox 365 3845 507 3913; x_wconf 87' lang='lat' dir='ltr'>inimico</span> <span class='ocrx_word' id='word_1_230' title='bbox 527 3846 655 3927; x_wconf 92' lang='lat' dir='ltr'>animo,</span> <span class='ocrx_word' id='word_1_231' title='bbox 676 3848 756 3914; x_wconf 79' lang='lat' dir='ltr'>data</span> <span class='ocrx_word' id='word_1_232' title='bbox 776 3849 942 3916; x_wconf 79' lang='lat' dir='ltr'>facultate</span> <span class='ocrx_word' id='word_1_233' title='bbox 962 3872 1022 3935; x_wconf 86' lang='lat' dir='ltr'>per</span> <span class='ocrx_word' id='word_1_234' title='bbox 1042 3851 1256 3936; x_wconf 90' lang='lat' dir='ltr'>provinciam</span> 
     </span>
     <span class='ocr_line' id='line_1_32' title="bbox 189 3953 1254 4042; baseline 0.005 -23"><span class='ocrx_word' id='word_1_235' title='bbox 189 3953 322 4022; x_wconf 90' lang='lat' dir='ltr'>itineris</span> <span class='ocrx_word' id='word_1_236' title='bbox 345 3954 507 4038; x_wconf 79' lang='lat' dir='ltr'>faciundi,</span> <span class='ocrx_word' id='word_1_237' title='bbox 533 3963 789 4042; x_wconf 78' lang='lat' dir='ltr'>temperatoros</span> <span class='ocrx_word' id='word_1_238' title='bbox 813 3958 856 4024; x_wconf 91' lang='lat' dir='ltr'>ab</span> <span class='ocrx_word' id='word_1_239' title='bbox 879 3956 1003 4026; x_wconf 75' lang='lat' dir='ltr'>iniorio</span> <span class='ocrx_word' id='word_1_240' title='bbox 1026 3972 1060 4026; x_wconf 91' lang='lat' dir='ltr'>et</span> <span class='ocrx_word' id='word_1_241' title='bbox 1085 3958 1254 4026; x_wconf 90' lang='lat' dir='ltr'>maleficio</span> 
     </span>
    </p>
   </div>
   <div class='ocr_carea' id='block_1_6' title="bbox 0 0 1512 4456">
    <p class='ocr_par' dir='ltr' id='par_1_7' title="bbox 0 0 1512 4456">
     <span class='ocr_line' id='line_1_33' title="bbox 0 0 1512 4456; baseline 0 0"><span class='ocrx_word' id='word_1_242' title='bbox 0 0 1512 4456; x_wconf 95' lang='lat' dir='ltr'> </span> 
     </span>
    </p>
   </div>
  </div>
 </body>
</html>
