3000 4456
258 381 297 447 16
644 379 757 438 BELLI
784 380 942 439 GALLlCi

255 560 436 647 comperit,
467 569 527 629 aut
556 555 664 648 ipsius
692 563 864 630 adventus
892 576 952 630 aut
984 557 1128 630 Labieni
1158 563 1322 652 cegnitus

256 681 356 750 esset,
382 669 568 738 Censidius
591 678 681 757 eque
704 672 856 739 admisse
879 672 922 739 ad
945 694 1025 738 curn
1048 673 1210 753 accurrit;
1235 673 1319 740 dicit

255 788 425 857 montem,
446 800 550 865 quern
569 786 589 847 ῑι
609 779 766 846 Labiene
786 787 949 866 occupari
968 780 1129 860 voluerit,
1149 782 1193 848 ab
1213 781 1322 848 hosti-

255 891 320 956 bus
338 896 464 969 teneri;
481 889 516 956 id
534 896 570 956 se
587 896 608 956 e
625 888 765 956 Gallicis
782 896 886 957 armis
902 900 1010 976 atque
1026 889 1221 976 insignibus
1239 897 1322 976 ceg-

222 1021 236 1073 5
254 999 401 1066 novisse.
451 997 579 1066 Caesar
596 1005 675 1065 sues
693 998 811 1084 cepia'rs
829 998 864 1065 in
882 998 1083 1084 proximum
1101 1001 1225 1067 collem
1243 1000 1322 1066 sub-

255 1109 360 1188 dticit,
377 1109 485 1176 aciem
499 1108 652 1174 instruit.
703 1106 889 1187 Labienus,
905 1119 944 1174 ut
961 1118 1034 1174 erat
1051 1115 1081 1175 ei
1097 1119 1322 1194 praeceptum

255 1225 275 1286 e
294 1218 450 1298 Caesare,
471 1225 514 1285 ne
532 1216 703 1302 proelium
723 1217 971 1298 committeret,
992 1216 1056 1283 nisi
1076 1217 1182 1302 ipsius
1202 1218 1322 1303 cepiac

254 1348 363 1413 prope
377 1325 533 1394 hostium
547 1337 660 1394 castra
674 1333 767 1393 vi5ae
781 1337 907 1406 essent,
923 1337 962 1392 ut
979 1325 1132 1412 undique
1147 1332 1218 1392 tino
1234 1337 1322 1394 tem-

255 1459 338 1522 pore
356 1437 391 1502 in
409 1436 529 1502 hostes
547 1436 699 1522 impetus
718 1436 825 1514 fieret,
845 1447 968 1503 monte
986 1440 1161 1520 occupate
1180 1443 1321 1502 nostres

205 1569 237 1608 ιο
255 1547 483 1632 exspectabat
517 1546 719 1631 proelieque
750 1543 958 1610 abstinebat.
1021 1544 1139 1609 Multe
1171 1543 1320 1629 denique

254 1655 311 1722 die
326 1677 387 1741 per
402 1656 643 1740 explereteres
659 1654 785 1722 Caesar
801 1653 970 1739 cegnevit
987 1665 1021 1720 et
1039 1663 1198 1720 montem
1216 1661 1236 1720 e
1252 1661 1322 1721 suis

257 1772 368 1832 teneri
394 1775 428 1831 et
457 1765 642 1832 Helveties
668 1775 781 1831 castra
807 1763 958 1830 movisse
984 1774 1019 1830 et
1047 1762 1253 1830 Censidium
1281 1763 1323 1831 ti·

256 1880 352 1940 inc'ne
372 1874 607 1959 perterritum,
628 1876 723 1958 quod
742 1881 814 1940 nen
833 1873 986 1952 vidisset,
1008 1879 1072 1958 pre
1093 1879 1168 1939 viso
1189 1873 1251 1938 sibi
1273 1895 1322 1941 re-

256 1984 479 2050 nentiavisse.
531 1983 585 2048 Ee
604 1983 670 2062 die,
691 1991 761 2069 que
781 1987 964 2048 censuerat
984 1977 1178 2059 intervelli),
1201 1982 1320 2047 hostes

205 2115 234 2167 1⁵
256 2092 413 2178 sequitur
431 2103 466 2159 et
486 2091 579 2159 milia
598 2114 761 2178 passuum
781 2092 847 2158 tria
866 2091 909 2157 ab
928 2097 1049 2156 cerum
1069 2097 1190 2156 castris
1210 2100 1322 2156 castra

256 2201 367 2288 penit.

286 2395 400 2457 Caesar,
413 2397 538 2466 turning
549 2393 667 2449 toward
674 2391 814 2452 Bibracte,
828 2391 855 2443 r‘s
857 2389 1002 2461 followed
1009 2389 1042 2461 by
1053 2389 1101 2446 the
1113 2391 1290 2448 Helvettims.

194 2558 237 2626 23
326 2541 500 2607 Postridie
515 2539 588 2607 eius
603 2539 679 2616 diei,
697 2538 790 2623 quod
807 2544 951 2603 omnine
968 2538 1114 2605 biduum
1131 2547 1318 2625 supererat,

256 2673 335 2718 curn
356 2651 525 2718 exercitui
544 2649 758 2714 frementum
779 2654 894 2713 metiri
914 2655 1107 2733 oporteret,
1129 2659 1164 2714 et
1186 2647 1281 2733 quod
1302 2652 1322 2712 ἑ

260 2761 431 2840 Bibracte,
450 2757 581 2844 oppide
601 2756 830 2823 Haeduerurn
849 2757 955 2842 longe
973 2757 1128 2823 maxime
1147 2767 1182 2822 ct
1203 2755 1320 2840 copie-

202 2900 235 2936 20
258 2871 403 2947 sissime,
432 2875 503 2933 nen
530 2865 677 2951 amplius
704 2865 842 2932 milibus
870 2887 1035 2952 passuum
1064 2869 1173 2932 xv111'
1192 2864 1319 2941 aberat,

254 2986 302 3047 rei
318 2976 562 3044 frumentariae
578 2977 860 3062 prespicicndum
875 2977 1088 3044 existimevit
1097 2999 1104 3057 ;
1121 2975 1240 3061 itaque
1256 2975 1323 3041 iter

254 3090 297 3156 ab
315 3087 489 3154 Helvetiis
505 3086 631 3154 evertit
647 3093 688 3154 ec
708 3086 870 3154 Bibracte
886 3093 935 3154 ire
953 3086 1148 3154 contendit.
1199 3086 1251 3151 Ea
1268 3091 1322 3150 res

254 3216 315 3283 per
345 3196 511 3281 fugitivos
543 3196 582 3262 L.
615 3197 754 3274 Aemili,
786 3196 984 3262 decurionis
1014 3195 1172 3279 equitum
1205 3193 1320 3260 Galle-

254 3328 340 3386 rum,
367 3304 527 3373 hostibus
552 3307 745 3373 nuntietur.
797 3305 963 3385 Helvetii,
989 3327 1048 3373 seu
1074 3304 1169 3390 quod
1195 3303 1322 3370 timere

201 3447 231 3496 ²5
254 3415 457 3501 perterrites
484 3418 665 3483 Remenes
690 3416 867 3482 discedere
891 3421 911 3482 e
937 3422 973 3482 se
998 3415 1251 3493 existimarent,
1278 3420 1321 3479 ee

254 3525 375 3612 magis
400 3526 495 3613 quod
519 3525 628 3610 pridie
651 3524 886 3611 superieribus
908 3525 994 3591 locis
1016 3530 1199 3609 occupetis
1222 3544 1321 3607 proe-

254 3636 338 3702 lium
361 3641 432 3702 nen
457 3634 721 3715 commisissent,
746 3634 817 3702 sive
840 3641 893 3713 ee,
918 3634 1012 3719 quod
1036 3640 1073 3700 re
1096 3631 1322 3700 frumentaria

252 3745 438 3813 intercludi
453 3767 556 3832 posse
572 3745 797 3824 cenliderent,
815 3749 1036 3810 commuteto
1053 3741 1198 3808 consilio
1214 3752 1321 3825 atque

253 3856 377 3924 itinere
401 3861 571 3922 converse
596 3861 737 3921 nostres
761 3859 782 3918 e
805 3851 997 3918 novissime
1022 3851 1162 3936 agmine
1186 3854 1321 3933 insequi

220 3997 234 4034 o
253 3971 293 4032 {tc
309 3966 474 4032 lacessere
490 3969 692 4048 coeperunt.
