3048 4444
523 337 640 392 praru
666 335 714 391 vr.
742 335 824 390 cnr.
853 348 1009 406 33-34··
1112 309 1113 312 Ὺ
1221 335 1275 398 161

280 614 410 670 Caesar's
421 614 590 684 dffculties.
627 614 775 668 Allt'ances
786 612 891 684 sought
905 612 1011 683 naham
1024 615 1144 684 against
1154 612 1203 666 the

670 708 824 764 Eburones.

278 851 373 930 Erat,
392 863 431 917 ut
450 857 554 936 supra
571 851 898 930 demanstravimus,
918 870 1041 917 manus
1061 848 1275 926 certamina,
1293 872 1337 940 34

209 966 281 1026 nen
298 960 479 1045 oppidum,
498 967 569 1027 nen
587 959 807 1045 praesidium,
826 960 921 1044 quod
940 966 977 1026 se
993 965 1097 1025 armis
1115 957 1276 1024 deiende·

210 1079 272 1146 ret,
291 1068 351 1135 sed
369 1068 404 1134 in
422 1075 545 1136 omnes
563 1075 678 1154 partes
695 1069 849 1153 dispersa
866 1069 1065 1135 multitade.
1116 1068 1187 1134 Ubi
1206 1067 1277 1134 cui-

210 1200 277 1262 que
297 1189 356 1244 aut
376 1178 480 1244 valles
499 1178 616 1245 abdita
635 1189 694 1245 aut
715 1179 812 1245 locus
831 1178 995 1245 silvestris
1015 1188 1075 1244 aut
1096 1178 1193 1262 palas
1214 1177 1276 1243 im-

210 1287 326 1371 pedita
358 1308 455 1372 spem
489 1287 636 1372 praesidi
669 1299 729 1354 aut
762 1287 880 1354 salatis
913 1288 1063 1371 aliquam
1096 1286 1310 1366 offerebat,s

210 1396 422 1464 cansederat.
473 1397 572 1464 Haec
596 1398 672 1464 loca
695 1397 930 1464 vicinitatibus
952 1410 1050 1464 erant
1073 1404 1156 1464 neta
1179 1403 1277 1482 mag-

210 1527 359 1590 namque
372 1513 426 1572 res
440 1506 655 1592 diligentiam
670 1508 877 1591 requirebat,
892 1513 963 1572 nen
978 1507 1013 1572 in
1029 1513 1165 1580 summa
1179 1527 1277 1573 exer-

210 1616 298 1681 citas
313 1616 504 1683 tuenda-
517 1617 650 1682 millum
667 1615 758 1682 enim
775 1627 912 1700 poterat
928 1616 1096 1682 aniversis
1111 1622 1132 1682 a
1147 1627 1276 1701 perter-

210 1724 283 1791 ritis
301 1732 341 1792 ac
360 1725 522 1810 dispersis
540 1725 731 1810 periculum
750 1725 905 1791 accidere
922 1764 978 1803 —,
998 1725 1058 1790 sed
1077 1725 1112 1791 in
1131 1725 1276 1811 singulis

209 1834 375 1901 militibus
388 1834 648 1914 censervandis;
662 1856 750 1918 quae
765 1844 881 1900 tamen
895 1856 939 1901 ex
953 1845 1050 1919 parte
1063 1841 1117 1901 res
1130 1834 1173 1900 ad
1187 1834 1275 1901 salu·
1295 1857 1326 1893 10

210 1957 281 2011 tem
305 1944 478 2011 exercitus
503 1943 706 2028 pertinebat.
757 1943 849 2008 Nam
875 1955 910 2009 et
934 1943 1080 2027 praedae
1105 1943 1275 2027 cupiditas

209 2056 338 2121 multas
356 2055 496 2142 longius
514 2054 710 2131 sevocabat,
730 2063 764 2120 et
782 2053 887 2118 silvae
905 2053 1044 2120 incertis
1062 2054 1276 2137 occultisque

210 2163 389 2230 itineribus
416 2162 591 2229 camertes
618 2162 712 2228 adire
739 2163 979 2247 prohibebant.
1029 2161 1066 2229 Si
1093 2162 1276 2248 negetium

208 2272 333 2338 cenfici
350 2273 562 2357 stirpemque
579 2271 762 2338 hominum
780 2272 1026 2338 sceleratarum
1044 2271 1190 2337 interfici
1207 2271 1277 2338 vel-

209 2382 265 2458 let,
284 2381 510 2448 dimittendae
528 2381 643 2466 plares
662 2386 784 2446 mamis
801 2380 1056 2464 diducendique
1074 2393 1171 2446 erant
1189 2380 1276 2446 mili·
1295 2403 1325 2452 15

210 2497 276 2569 tes;
294 2497 321 2558 si
339 2490 518 2556 continere
536 2489 578 2555 ad
597 2496 696 2575 signa
713 2487 910 2572 manipules
929 2489 1042 2567 vellet,
1061 2500 1100 2555 ut
1117 2490 1275 2557 institata

209 2600 297 2666 ratis)
312 2611 345 2665 et
362 2599 581 2665 censuettide
596 2598 770 2664 exercitas
787 2598 939 2664 Remani
954 2599 1162 2683 postulabat,
1179 2599 1277 2665 locus
1327 2629 1337 2642 ’

209 2709 282 2792 ipse
296 2720 367 2776 erat
383 2707 554 2793 praesidia
569 2707 733 2784 barbaris,
749 2728 862 2790 neque
877 2728 922 2773 ex
937 2709 1077 2774 occulte
1091 2708 1275 2775 insidiandi

209 2831 244 2885 et
265 2819 438 2904 dispersas
458 2816 751 2884 circumveniendi
773 2816 917 2902 singulis
938 2817 1055 2884 deerat
1077 2819 1229 2908 audacia.

279 2929 330 2995 Ut
349 2928 384 2993 in
403 2927 477 2993 eius
497 2926 593 2992 modi
614 2925 885 3004 difficultatibus,
906 2937 1075 3010 quantum
1097 2927 1277 3012 diligentia
1294 2958 1327 2996 20

211 3037 384 3122 previderi
406 3046 553 3121 poterat,
576 3034 835 3120 previdebatur,
858 3047 897 3100 ut
919 3035 1036 3120 potius
1058 3036 1093 3100 in
1116 3039 1276 3104 nocende

209 3145 338 3231 aliquid
361 3144 703 3231 praetermitteretur,
729 3150 792 3210 etsi
815 3145 973 3210 omnium
997 3145 1103 3212 animi
1126 3147 1168 3213 ad
1193 3149 1276 3216 ulci-

210 3258 377 3324 scendum
404 3255 583 3333 ardebant,
611 3275 715 3339 quam
743 3275 823 3320 cum
850 3253 966 3339 alique
995 3256 1144 3322 militum
1172 3257 1275 3324 detri-

208 3373 329 3432 menta
349 3371 542 3432 noceretur.
588 3363 743 3430 Dimittit
763 3364 806 3430 ad
827 3363 992 3431 finitimas
1013 3365 1169 3433 civitates
1188 3374 1277 3434 min-

209 3477 277 3542 ties
298 3475 437 3543 Caesar:
462 3480 586 3541 omnes
605 3480 729 3540 evocat
750 3480 811 3558 spe
832 3474 978 3558 praedae
998 3475 1041 3540 ad
1063 3476 1275 3562 diripiendas
1294 3507 1325 3554 25

209 3587 404 3664 Eburenes,
420 3595 459 3651 ut
474 3584 591 3669 potius
605 3583 640 3649 in
657 3581 750 3648 silvis
765 3582 943 3650 Gallbrum
961 3590 1031 3650 vita
1047 3607 1152 3669 quam
1168 3587 1277 3673 legie-

209 3695 326 3761 narius
347 3695 445 3761 miles
467 3692 693 3779 periclitetur;
718 3691 820 3758 simul
842 3702 882 3758 ut
903 3698 1032 3778 magna
1052 3695 1275 3762 multitedine

209 3803 418 3871 circumfusa
439 3809 503 3888 pre
526 3803 587 3869 tali
608 3800 760 3867 facinore
782 3800 887 3886 stirps
908 3807 949 3867 ac
971 3807 1099 3869 nemen
1123 3803 1275 3872 civitatis

208 3914 360 3980 tollatur.
403 3913 558 3997 Magnus
575 3909 729 3993 undique
745 3929 911 3977 numerus
928 3908 1085 3976 celeriter
1101 3913 1274 3981 convenit.
