3000 4456
248 362 292 427 44
632 344 746 399 asim
772 345 932 400 ontmcr

253 524 372 590 omnia
386 525 429 591 ab
445 524 498 591 his
515 523 701 610 diligenter
716 525 760 590 ad
776 523 867 589 diem
883 523 975 591 iacta
991 535 1083 590 sunt.
1124 524 1204 610 Ipse
1221 522 1318 590 Divi-

252 633 386 700 ciocum
404 634 593 699 Haeduum
609 638 822 718 mugnopere
839 632 1047 699 cobortutus
1062 633 1168 700 docet
1184 639 1319 719 quanto

253 764 358 827 opere
377 749 425 808 rei
443 742 600 828 publicae
619 741 884 826 communisque
901 742 1021 808 salutis
1039 742 1177 809 intersit
1196 749 1320 810 manus

255 851 410 918 hostium
428 851 595 930 distineri,
616 857 659 917 no
677 872 757 917 cum
777 857 876 917 tanta
894 850 1121 918 multitudine
1141 859 1211 919 uno
1232 864 1316 919 tem-

219 983 233 1034 5
255 983 340 1047 pore
362 960 624 1046 confligendum
647 960 702 1026 sit.
751 960 792 1026 Id
815 959 888 1026 fieri
910 983 1022 1047 posse,
1047 968 1075 1028 si
1099 969 1178 1029 suos
1202 963 1320 1047 copios

255 1069 396 1135 Haedui
415 1069 450 1134 in
468 1068 555 1135 linos
576 1069 842 1136 Bellovacorum
862 1069 1120 1136 introduxerint
1142 1082 1177 1138 et
1198 1078 1319 1138 eorum

252 1185 357 1264 agros
380 1180 539 1265 populari
561 1179 749 1265 coeperint.
801 1181 868 1246 His
890 1182 978 1247 datis
1001 1182 1172 1248 mandatis
1196 1203 1275 1247 eum
1298 1188 1319 1248 a

254 1296 291 1356 so
305 1288 464 1356 dimittit.

325 1399 518 1483 Postquam
537 1406 660 1466 omnes
679 1399 866 1486 Belgarum
885 1400 1003 1486 copius
1021 1399 1056 1465 in
1074 1407 1184 1467 unum
1202 1402 1318 1467 locum

203 1521 235 1560 10
253 1515 392 1577 coactus
406 1510 450 1575 ad
465 1516 501 1575 se
518 1517 634 1577 venire
656 1510 776 1596 [vidit]
797 1534 909 1596 neque
925 1511 992 1577 iam
1008 1512 1114 1597 longe
1129 1513 1258 1588 abesse,
1275 1512 1317 1576 ab

252 1627 311 1696 eis,
328 1626 416 1704 quos
432 1626 582 1698 miserat,
599 1621 879 1706 exploratoribus
894 1631 928 1687 et
943 1623 986 1688 ab
1003 1622 1122 1689 Romis
1139 1620 1317 1706 cognovit,

254 1729 383 1796 flumen
403 1729 579 1809 Axonam,
601 1731 696 1816 quod
715 1740 767 1796 est
789 1730 823 1795 in
843 1736 1010 1797 extremis
1031 1730 1224 1796 Romorum
1243 1729 1318 1794 lini-

254 1838 328 1916 bus,
356 1840 551 1906 exercitum
578 1841 760 1907 traducere
785 1840 973 1906 muturavit
1001 1852 1106 1926 atque
1132 1839 1177 1905 ibi
1205 1849 1318 1907 castra

255 1948 382 2035 posuit.
431 1950 532 2036 Quae
555 1956 608 2016 ros
631 1961 665 2016 et
689 1950 781 2016 latus
801 1955 911 2015 unum
932 1957 1127 2016 castrorum
1151 1956 1232 2034 ripis
1256 1949 1318 2015 llu-

202 2071 232 2123 15
254 2059 356 2126 minis
375 2060 554 2126 muniebat
575 2070 610 2126 et
630 2069 710 2145 post
728 2081 808 2125 eum
827 2080 915 2144 quae
932 2069 1030 2125 erant
1050 2064 1129 2125 tuta
1147 2059 1189 2125 ab
1209 2058 1318 2124 hosti-

252 2171 317 2238 bus
334 2171 510 2248 reddobat
528 2181 562 2237 et
580 2176 797 2237 commeatus
813 2171 856 2236 ab
875 2170 994 2236 Romis
1012 2168 1220 2254 reliquisque
1237 2169 1318 2235 civi-

252 2280 386 2347 tatibus
403 2292 442 2347 ut
460 2281 533 2346 sine
551 2279 704 2365 periculo
721 2280 765 2345 ad
783 2300 862 2344 eum
881 2285 1014 2363 porturi
1031 2289 1173 2363 possent
1193 2278 1316 2344 efficio-

251 2391 321 2457 bat.
373 2391 414 2455 In
428 2397 470 2457 eo
484 2389 626 2456 flumine
639 2395 728 2474 pons
742 2398 825 2454 erat.
876 2387 928 2452 Ibi
943 2387 1152 2473 praesidium
1166 2387 1265 2473 ponit
1280 2399 1315 2454 et

252 2500 286 2566 in
304 2501 413 2566 alteru
431 2511 529 2585 parte
547 2498 698 2564 fluminis
717 2498 761 2582 Q.
781 2497 956 2563 Titinium
976 2496 1142 2563 Sabinum
1162 2498 1316 2582 logutum

202 2626 235 2665 20
254 2634 334 2678 cum
363 2632 424 2677 sex
452 2608 657 2674 cohortibus
686 2605 862 2691 relinquit;
890 2617 1003 2672 castra
1032 2605 1067 2670 in
1096 2605 1317 2672 altitudinem

256 2722 384 2805 pedum
406 2739 462 2784 ΧΗ
483 2719 574 2784 vallo
595 2717 755 2801 fossaque
776 2715 1021 2800 duodoviginti
1042 2715 1170 2799 pedum
1192 2719 1318 2779 muniri

255 2831 359 2896 ΝΜ
571 2930 629 2985 The
646 2930 753 3000 Belgae
770 2928 870 2982 attach
887 2928 1010 2982 Bibrax.

213 3058 236 3124 6
324 3060 381 3125 Ab
402 3059 455 3125 his
476 3064 597 3125 castris
618 3057 788 3144 oppidum
811 3056 1003 3122 Remorum
1026 3054 1166 3121 nomine
1190 3053 1319 3121 Bibrax

255 3171 371 3234 aberat
394 3169 486 3233 milia
509 3189 672 3252 passuum
696 3186 777 3232 vm.
829 3166 869 3231 Id
892 3187 937 3231 ex
960 3165 1080 3230 itinere
1102 3171 1233 3250 magno
1257 3165 1319 3229 im-

203 3293 234 3344 25
254 3283 335 3360 petu
356 3275 484 3361 Belgae
502 3283 706 3362 oppugnare
726 3283 926 3361 coeperunt.
977 3275 1094 3360 Aegro
1112 3281 1154 3340 eo
1173 3274 1228 3339 <lie
1247 3295 1319 3340 sus-

254 3393 426 3454 tentatum
453 3399 513 3453 est.
565 3389 742 3454 Gallorum
768 3387 888 3454 eadem
914 3397 1018 3471 atque
1045 3386 1231 3469 Belgarum
1258 3406 1319 3468 op-

253 3496 425 3582 pugnatio
441 3507 492 3563 est
508 3497 601 3563 haec.
642 3497 712 3563 Ubi
728 3496 951 3564 circumiecto
966 3494 1193 3562 multitudine
1207 3492 1318 3559 homi-

257 3628 340 3673 num
367 3612 452 3673 totis
479 3606 661 3673 moenibus
688 3607 841 3692 undique
868 3606 903 3671 in
931 3612 1070 3672 murum
1098 3603 1229 3689 lapidos
1256 3601 1320 3668 iaci

254 3723 370 3803 coepti
389 3727 470 3783 sunt
489 3723 678 3801 murusque
698 3716 938 3782 dolonsoribus
958 3716 1109 3780 nudatus
1129 3723 1190 3780 est.
1214 3718 1320 3779 testu-

204 3844 237 3893 30
256 3825 336 3894 dine
362 3826 455 3894 iacto
488 3825 643 3912 [portus]
677 3825 869 3891 succodunt
899 3829 1108 3908 murumque
1137 3823 1320 3889 subruunt.

257 3938 365 4024 Quod
392 3949 466 4003 tum
495 3938 591 4002 lacile
618 3936 731 4000 tiebat.
783 3935 874 3999 Nam
900 3953 980 3998 cum
1008 3943 1105 3998 tanta
1131 3931 1321 3997 multitudo
