<?xml version="1.0" encoding="UTF-8"?>
<!DOCTYPE html PUBLIC "-//W3C//DTD XHTML 1.0 Transitional//EN"
    "http://www.w3.org/TR/xhtml1/DTD/xhtml1-transitional.dtd">
<html xmlns="http://www.w3.org/1999/xhtml" xml:lang="en" lang="en">
 <head>
  <title>
</title>
<meta http-equiv="Content-Type" content="text/html;charset=utf-8" />
  <meta name='ocr-system' content='tesseract 3.04.00' />
  <meta name='ocr-capabilities' content='ocr_page ocr_carea ocr_par ocr_line ocrx_word'/>
</head>
<body>
  <div class='ocr_page' id='page_1' title='image "./civlicaesarisde00westgoog_0294.png"; bbox 0 0 3048 4444; ppageno 0'>
   <div class='ocr_carea' id='block_1_1' title="bbox 274 281 954 346">
    <p class='ocr_par' dir='ltr' id='par_1_1' title="bbox 274 281 954 346">
     <span class='ocr_line' id='line_1_1' title="bbox 274 281 954 346; baseline 0 -12"><span class='ocrx_word' id='word_1_1' title='bbox 274 285 331 346; x_wconf 87' lang='lat'>182</span> <span class='ocrx_word' id='word_1_2' title='bbox 656 282 768 334; x_wconf 88' lang='lat' dir='ltr'>BELLI</span> <span class='ocrx_word' id='word_1_3' title='bbox 795 281 954 334; x_wconf 86' lang='lat' dir='ltr'>GALLICI</span> 
     </span>
    </p>
   </div>
   <div class='ocr_carea' id='block_1_2' title="bbox 270 457 1338 545">
    <p class='ocr_par' dir='ltr' id='par_1_2' title="bbox 270 457 1338 545">
     <span class='ocr_line' id='line_1_2' title="bbox 270 457 1338 545; baseline -0.002 -19"><span class='ocrx_word' id='word_1_4' title='bbox 270 461 440 526; x_wconf 86' lang='lat' dir='ltr'>sollertiae</span> <span class='ocrx_word' id='word_1_5' title='bbox 457 470 563 545; x_wconf 90' lang='lat' dir='ltr'>atque</span> <span class='ocrx_word' id='word_1_6' title='bbox 580 459 622 526; x_wconf 92' lang='lat' dir='ltr'>ad</span> <span class='ocrx_word' id='word_1_7' title='bbox 641 459 759 526; x_wconf 91' lang='lat' dir='ltr'>omnia</span> <span class='ocrx_word' id='word_1_8' title='bbox 776 459 942 524; x_wconf 86' lang='lat' dir='ltr'>imitanda</span> <span class='ocrx_word' id='word_1_9' title='bbox 960 469 994 525; x_wconf 88' lang='lat' dir='ltr'>et</span> <span class='ocrx_word' id='word_1_10' title='bbox 1013 457 1192 525; x_wconf 89' lang='lat' dir='ltr'>efficienda</span> <span class='ocrx_word' id='word_1_11' title='bbox 1209 479 1299 543; x_wconf 89' lang='lat' dir='ltr'>quae</span> <span class='ocrx_word' id='word_1_12' title='bbox 1317 464 1338 524; x_wconf 88' lang='lat' dir='ltr'>a</span> 
     </span>
    </p>
   </div>
   <div class='ocr_carea' id='block_1_3' title="bbox 269 560 1443 653">
    <p class='ocr_par' dir='ltr' id='par_1_3' title="bbox 269 560 1443 653">
     <span class='ocr_line' id='line_1_3' title="bbox 269 560 1443 653; baseline 0 -21"><span class='ocrx_word' id='word_1_13' title='bbox 269 574 408 652; x_wconf 79' lang='lat' dir='ltr'>quaque</span> <span class='ocrx_word' id='word_1_14' title='bbox 428 569 615 633; x_wconf 85' lang='lat' dir='ltr'>traduntur</span> <span class='ocrx_word' id='word_1_15' title='bbox 634 566 862 653; x_wconf 81' lang='lat' dir='ltr'>aptissimum.</span> <span class='ocrx_word' id='word_1_16' title='bbox 914 567 1006 632; x_wconf 89' lang='lat' dir='ltr'>Nam</span> <span class='ocrx_word' id='word_1_17' title='bbox 1025 578 1061 632; x_wconf 90' lang='lat' dir='ltr'>et</span> <span class='ocrx_word' id='word_1_18' title='bbox 1083 568 1212 651; x_wconf 84' lang='lat' dir='ltr'>laqueis</span> <span class='ocrx_word' id='word_1_19' title='bbox 1233 567 1336 633; x_wconf 82' lang='lat' dir='ltr'>falces</span> <span class='ocrx_word' id='word_1_20' title='bbox 1439 560 1443 618; x_wconf 78' lang='grc' dir='ltr'>ἶ</span> 
     </span>
    </p>
   </div>
   <div class='ocr_carea' id='block_1_4' title="bbox 222 676 1357 2270">
    <p class='ocr_par' dir='ltr' id='par_1_4' title="bbox 222 676 1357 2270">
     <span class='ocr_line' id='line_1_4' title="bbox 270 676 1337 762; baseline -0.001 -19"><span class='ocrx_word' id='word_1_21' title='bbox 270 678 483 756; x_wconf 89' lang='lat' dir='ltr'>avertebant,</span> <span class='ocrx_word' id='word_1_22' title='bbox 503 683 600 762; x_wconf 90' lang='lat' dir='ltr'>quas,</span> <span class='ocrx_word' id='word_1_23' title='bbox 620 698 700 744; x_wconf 95' lang='lat' dir='ltr'>cum</span> <span class='ocrx_word' id='word_1_24' title='bbox 720 677 987 754; x_wconf 90' lang='lat' dir='ltr'>destinaverant,</span> <span class='ocrx_word' id='word_1_25' title='bbox 1009 682 1192 742; x_wconf 89' lang='lat' dir='ltr'>tormentis</span> <span class='ocrx_word' id='word_1_26' title='bbox 1212 676 1337 742; x_wconf 78' lang='lat' dir='ltr'>intrar-</span> 
     </span>
     <span class='ocr_line' id='line_1_5' title="bbox 271 786 1337 878; baseline 0.001 -26"><span class='ocrx_word' id='word_1_27' title='bbox 271 808 329 852; x_wconf 90' lang='lat' dir='ltr'>sus</span> <span class='ocrx_word' id='word_1_28' title='bbox 347 786 572 878; x_wconf 80' lang='lat' dir='ltr'>redacebant;</span> <span class='ocrx_word' id='word_1_29' title='bbox 590 799 626 853; x_wconf 89' lang='lat' dir='ltr'>et</span> <span class='ocrx_word' id='word_1_30' title='bbox 643 807 811 872; x_wconf 86' lang='lat' dir='ltr'>aggerem</span> <span class='ocrx_word' id='word_1_31' title='bbox 829 786 996 852; x_wconf 90' lang='lat' dir='ltr'>cuniculis</span> <span class='ocrx_word' id='word_1_32' title='bbox 1015 786 1274 865; x_wconf 80' lang='lat' dir='ltr'>subtrahebant,</span> <span class='ocrx_word' id='word_1_33' title='bbox 1294 792 1337 853; x_wconf 82' lang='lat' dir='ltr'>eo</span> 
     </span>
     <span class='ocr_line' id='line_1_6' title="bbox 238 885 1357 981; baseline 0 -21"><span class='ocrx_word' id='word_1_34' title='bbox 238 895 444 972; x_wconf 78' lang='lat' dir='ltr'>sscientiuS,</span> <span class='ocrx_word' id='word_1_35' title='bbox 467 895 561 979; x_wconf 91' lang='lat' dir='ltr'>quod</span> <span class='ocrx_word' id='word_1_36' title='bbox 583 895 676 980; x_wconf 90' lang='lat' dir='ltr'>apud</span> <span class='ocrx_word' id='word_1_37' title='bbox 698 901 758 961; x_wconf 81' lang='lat' dir='ltr'>eas</span> <span class='ocrx_word' id='word_1_38' title='bbox 780 901 928 979; x_wconf 88' lang='lat' dir='ltr'>magnae</span> <span class='ocrx_word' id='word_1_39' title='bbox 950 906 1031 960; x_wconf 90' lang='lat' dir='ltr'>sunt</span> <span class='ocrx_word' id='word_1_40' title='bbox 1053 896 1211 962; x_wconf 88' lang='lat' dir='ltr'>ferrariae</span> <span class='ocrx_word' id='word_1_41' title='bbox 1232 885 1357 981; x_wconf 79' lang='lat' dir='ltr'>atque¹</span> 
     </span>
     <span class='ocr_line' id='line_1_7' title="bbox 271 1005 1335 1090; baseline 0.002 -20"><span class='ocrx_word' id='word_1_42' title='bbox 271 1025 375 1070; x_wconf 90' lang='lat' dir='ltr'>omne</span> <span class='ocrx_word' id='word_1_43' title='bbox 400 1026 512 1090; x_wconf 88' lang='lat' dir='ltr'>genus</span> <span class='ocrx_word' id='word_1_44' title='bbox 536 1005 778 1070; x_wconf 80' lang='lat' dir='ltr'>cuniculorum</span> <span class='ocrx_word' id='word_1_45' title='bbox 803 1010 928 1069; x_wconf 82' lang='lat' dir='ltr'>natum</span> <span class='ocrx_word' id='word_1_46' title='bbox 952 1015 1056 1089; x_wconf 89' lang='lat' dir='ltr'>atque</span> <span class='ocrx_word' id='word_1_47' title='bbox 1083 1005 1248 1072; x_wconf 83' lang='lat' dir='ltr'>usitatum</span> <span class='ocrx_word' id='word_1_48' title='bbox 1273 1015 1335 1072; x_wconf 87' lang='lat' dir='ltr'>est.</span> 
     </span>
     <span class='ocr_line' id='line_1_8' title="bbox 270 1113 1336 1197; baseline 0.002 -19"><span class='ocrx_word' id='word_1_49' title='bbox 270 1113 402 1179; x_wconf 81' lang='lat' dir='ltr'>Tatum</span> <span class='ocrx_word' id='word_1_50' title='bbox 418 1123 535 1179; x_wconf 90' lang='lat' dir='ltr'>autem</span> <span class='ocrx_word' id='word_1_51' title='bbox 554 1119 693 1178; x_wconf 81' lang='lat' dir='ltr'>marum</span> <span class='ocrx_word' id='word_1_52' title='bbox 710 1135 755 1179; x_wconf 90' lang='lat' dir='ltr'>ex</span> <span class='ocrx_word' id='word_1_53' title='bbox 772 1119 868 1178; x_wconf 90' lang='lat' dir='ltr'>omni</span> <span class='ocrx_word' id='word_1_54' title='bbox 886 1125 983 1197; x_wconf 89' lang='lat' dir='ltr'>parte</span> <span class='ocrx_word' id='word_1_55' title='bbox 1000 1114 1152 1180; x_wconf 94' lang='lat' dir='ltr'>turribus</span> <span class='ocrx_word' id='word_1_56' title='bbox 1169 1116 1336 1180; x_wconf 88' lang='lat' dir='ltr'>contabu-</span> 
     </span>
     <span class='ocr_line' id='line_1_9' title="bbox 271 1221 1336 1306; baseline 0.001 -20"><span class='ocrx_word' id='word_1_57' title='bbox 271 1223 423 1288; x_wconf 88' lang='lat' dir='ltr'>laverant</span> <span class='ocrx_word' id='word_1_58' title='bbox 438 1233 541 1306; x_wconf 89' lang='lat' dir='ltr'>atque</span> <span class='ocrx_word' id='word_1_59' title='bbox 556 1224 618 1288; x_wconf 87' lang='lat' dir='ltr'>has</span> <span class='ocrx_word' id='word_1_60' title='bbox 632 1222 734 1287; x_wconf 88' lang='lat' dir='ltr'>coriis</span> <span class='ocrx_word' id='word_1_61' title='bbox 749 1221 954 1288; x_wconf 76' lang='lat' dir='ltr'>inlexerant.</span> <span class='ocrx_word' id='word_1_62' title='bbox 993 1222 1085 1288; x_wconf 92' lang='lat' dir='ltr'>Tum</span> <span class='ocrx_word' id='word_1_63' title='bbox 1101 1223 1229 1288; x_wconf 82' lang='lat' dir='ltr'>crebris</span> <span class='ocrx_word' id='word_1_64' title='bbox 1244 1224 1336 1288; x_wconf 91' lang='lat' dir='ltr'>diur-</span> 
     </span>
     <span class='ocr_line' id='line_1_10' title="bbox 270 1330 1336 1417; baseline 0.002 -21"><span class='ocrx_word' id='word_1_65' title='bbox 270 1338 323 1397; x_wconf 92' lang='lat' dir='ltr'>nis</span> <span class='ocrx_word' id='word_1_66' title='bbox 339 1336 587 1415; x_wconf 87' lang='lat' dir='ltr'>nocturnisque</span> <span class='ocrx_word' id='word_1_67' title='bbox 604 1330 846 1415; x_wconf 81' lang='lat' dir='ltr'>eruptianibus</span> <span class='ocrx_word' id='word_1_68' title='bbox 862 1341 922 1397; x_wconf 90' lang='lat' dir='ltr'>aut</span> <span class='ocrx_word' id='word_1_69' title='bbox 940 1338 1060 1417; x_wconf 90' lang='lat' dir='ltr'>aggeri</span> <span class='ocrx_word' id='word_1_70' title='bbox 1077 1338 1197 1416; x_wconf 91' lang='lat' dir='ltr'>ignem</span> <span class='ocrx_word' id='word_1_71' title='bbox 1213 1332 1336 1398; x_wconf 85' lang='lat' dir='ltr'>iniere-</span> 
     </span>
     <span class='ocr_line' id='line_1_11' title="bbox 222 1439 1335 1525; baseline 0.002 -22"><span class='ocrx_word' id='word_1_72' title='bbox 222 1467 253 1504; x_wconf 92' lang='lat'>10</span> <span class='ocrx_word' id='word_1_73' title='bbox 271 1441 353 1505; x_wconf 88' lang='lat' dir='ltr'>bant</span> <span class='ocrx_word' id='word_1_74' title='bbox 379 1449 437 1505; x_wconf 93' lang='lat' dir='ltr'>aut</span> <span class='ocrx_word' id='word_1_75' title='bbox 462 1439 587 1504; x_wconf 89' lang='lat' dir='ltr'>milites</span> <span class='ocrx_word' id='word_1_76' title='bbox 612 1445 803 1524; x_wconf 81' lang='lat' dir='ltr'>occupatas</span> <span class='ocrx_word' id='word_1_77' title='bbox 827 1441 862 1505; x_wconf 93' lang='lat' dir='ltr'>in</span> <span class='ocrx_word' id='word_1_78' title='bbox 887 1462 992 1525; x_wconf 89' lang='lat' dir='ltr'>opere</span> <span class='ocrx_word' id='word_1_79' title='bbox 1016 1439 1275 1520; x_wconf 83' lang='lat' dir='ltr'>adoriebantur;</span> <span class='ocrx_word' id='word_1_80' title='bbox 1300 1450 1335 1506; x_wconf 90' lang='lat' dir='ltr'>et</span> 
     </span>
     <span class='ocr_line' id='line_1_12' title="bbox 271 1548 1336 1633; baseline 0 -19"><span class='ocrx_word' id='word_1_81' title='bbox 271 1555 468 1614; x_wconf 76' lang='lat' dir='ltr'>nostrerum</span> <span class='ocrx_word' id='word_1_82' title='bbox 492 1548 639 1614; x_wconf 92' lang='lat' dir='ltr'>turrium</span> <span class='ocrx_word' id='word_1_83' title='bbox 662 1549 891 1627; x_wconf 81' lang='lat' dir='ltr'>altitirdinem,</span> <span class='ocrx_word' id='word_1_84' title='bbox 915 1560 1084 1633; x_wconf 86' lang='lat' dir='ltr'>quantum</span> <span class='ocrx_word' id='word_1_85' title='bbox 1108 1551 1169 1615; x_wconf 90' lang='lat' dir='ltr'>has</span> <span class='ocrx_word' id='word_1_86' title='bbox 1192 1549 1336 1616; x_wconf 90' lang='lat' dir='ltr'>cotidia-</span> 
     </span>
     <span class='ocr_line' id='line_1_13' title="bbox 270 1658 1336 1743; baseline 0 -20"><span class='ocrx_word' id='word_1_87' title='bbox 270 1680 335 1724; x_wconf 92' lang='lat' dir='ltr'>nus</span> <span class='ocrx_word' id='word_1_88' title='bbox 348 1678 458 1743; x_wconf 88' lang='lat' dir='ltr'>agger</span> <span class='ocrx_word' id='word_1_89' title='bbox 471 1669 698 1743; x_wconf 87' lang='lat' dir='ltr'>expresserat,</span> <span class='ocrx_word' id='word_1_90' title='bbox 712 1658 906 1724; x_wconf 91' lang='lat' dir='ltr'>commissis</span> <span class='ocrx_word' id='word_1_91' title='bbox 920 1665 1062 1724; x_wconf 90' lang='lat' dir='ltr'>suarum</span> <span class='ocrx_word' id='word_1_92' title='bbox 1076 1658 1223 1723; x_wconf 92' lang='lat' dir='ltr'>turrium</span> <span class='ocrx_word' id='word_1_93' title='bbox 1238 1659 1336 1724; x_wconf 88' lang='lat' dir='ltr'>malis</span> 
     </span>
     <span class='ocr_line' id='line_1_14' title="bbox 270 1766 1333 1851; baseline -0.001 -19"><span class='ocrx_word' id='word_1_94' title='bbox 270 1766 509 1851; x_wconf 88' lang='lat' dir='ltr'>adaequabant</span> <span class='ocrx_word' id='word_1_95' title='bbox 517 1789 524 1845; x_wconf 95' lang='lat'>;</span> <span class='ocrx_word' id='word_1_96' title='bbox 549 1778 584 1832; x_wconf 89' lang='lat' dir='ltr'>et</span> <span class='ocrx_word' id='word_1_97' title='bbox 612 1773 751 1851; x_wconf 82' lang='lat' dir='ltr'>apertas</span> <span class='ocrx_word' id='word_1_98' title='bbox 779 1767 958 1832; x_wconf 77' lang='lat' dir='ltr'>curticulas</span> <span class='ocrx_word' id='word_1_99' title='bbox 986 1773 1148 1850; x_wconf 80' lang='lat' dir='ltr'>praeasta</span> <span class='ocrx_word' id='word_1_100' title='bbox 1175 1777 1209 1832; x_wconf 90' lang='lat' dir='ltr'>et</span> <span class='ocrx_word' id='word_1_101' title='bbox 1237 1787 1333 1851; x_wconf 93' lang='lat' dir='ltr'>prae-</span> 
     </span>
     <span class='ocr_line' id='line_1_15' title="bbox 269 1875 1333 1960; baseline -0.002 -19"><span class='ocrx_word' id='word_1_102' title='bbox 269 1881 371 1942; x_wconf 82' lang='lat' dir='ltr'>acuta</span> <span class='ocrx_word' id='word_1_103' title='bbox 397 1876 541 1941; x_wconf 89' lang='lat' dir='ltr'>materia</span> <span class='ocrx_word' id='word_1_104' title='bbox 566 1888 599 1942; x_wconf 87' lang='lat' dir='ltr'>et</span> <span class='ocrx_word' id='word_1_105' title='bbox 626 1877 702 1960; x_wconf 91' lang='lat' dir='ltr'>pice</span> <span class='ocrx_word' id='word_1_106' title='bbox 728 1876 913 1942; x_wconf 81' lang='lat' dir='ltr'>fervefacta</span> <span class='ocrx_word' id='word_1_107' title='bbox 939 1887 974 1941; x_wconf 91' lang='lat' dir='ltr'>et</span> <span class='ocrx_word' id='word_1_108' title='bbox 999 1875 1143 1941; x_wconf 90' lang='lat' dir='ltr'>maximi</span> <span class='ocrx_word' id='word_1_109' title='bbox 1170 1875 1333 1960; x_wconf 90' lang='lat' dir='ltr'>ponderis</span> 
     </span>
     <span class='ocr_line' id='line_1_16' title="bbox 222 1983 1335 2070; baseline -0.002 -18"><span class='ocrx_word' id='word_1_110' title='bbox 222 2015 250 2065; x_wconf 89' lang='lat'>15</span> <span class='ocrx_word' id='word_1_111' title='bbox 270 1992 362 2051; x_wconf 90' lang='lat' dir='ltr'>saxis</span> <span class='ocrx_word' id='word_1_112' title='bbox 386 1986 612 2051; x_wconf 86' lang='lat' dir='ltr'>morabantur</span> <span class='ocrx_word' id='word_1_113' title='bbox 637 1985 890 2069; x_wconf 89' lang='lat' dir='ltr'>moenibusque</span> <span class='ocrx_word' id='word_1_114' title='bbox 915 1983 1194 2069; x_wconf 87' lang='lat' dir='ltr'>adpropinquare</span> <span class='ocrx_word' id='word_1_115' title='bbox 1218 1984 1335 2070; x_wconf 88' lang='lat' dir='ltr'>prohi-</span> 
     </span>
     <span class='ocr_line' id='line_1_17' title="bbox 271 2096 409 2161; baseline -0.007 0"><span class='ocrx_word' id='word_1_116' title='bbox 271 2096 409 2161; x_wconf 89' lang='lat' dir='ltr'>bebaut.</span> 
     </span>
     <span class='ocr_line' id='line_1_18' title="bbox 557 2215 1047 2270; baseline 0 -1"><span class='ocrx_word' id='word_1_117' title='bbox 557 2215 634 2269; x_wconf 81' lang='lat' dir='ltr'>How</span> <span class='ocrx_word' id='word_1_118' title='bbox 652 2233 670 2268; x_wconf 85' lang='lat' dir='ltr'>a</span> <span class='ocrx_word' id='word_1_119' title='bbox 691 2216 786 2270; x_wconf 82' lang='lat' dir='ltr'>Gallr&#39;c</span> <span class='ocrx_word' id='word_1_120' title='bbox 803 2216 876 2269; x_wconf 84' lang='lat' dir='ltr'>wall</span> <span class='ocrx_word' id='word_1_121' title='bbox 890 2232 952 2270; x_wconf 84' lang='lat' dir='ltr'>was</span> <span class='ocrx_word' id='word_1_122' title='bbox 967 2215 1047 2270; x_wconf 78' lang='lat' dir='ltr'>bur&#39;lt.</span> 
     </span>
    </p>
   </div>
   <div class='ocr_carea' id='block_1_5' title="bbox 211 2363 1337 3642">
    <p class='ocr_par' dir='ltr' id='par_1_5' title="bbox 211 2363 1337 2665">
     <span class='ocr_line' id='line_1_19' title="bbox 211 2363 1335 2442; baseline 0 -15"><span class='ocrx_word' id='word_1_123' title='bbox 211 2375 254 2442; x_wconf 85' lang='lat'>23</span> <span class='ocrx_word' id='word_1_124' title='bbox 343 2364 437 2428; x_wconf 84' lang='lat' dir='ltr'>Mari</span> <span class='ocrx_word' id='word_1_125' title='bbox 466 2375 582 2429; x_wconf 87' lang='lat' dir='ltr'>autem</span> <span class='ocrx_word' id='word_1_126' title='bbox 611 2371 734 2430; x_wconf 87' lang='lat' dir='ltr'>omues</span> <span class='ocrx_word' id='word_1_127' title='bbox 764 2363 885 2430; x_wconf 89' lang='lat' dir='ltr'>Gallici</span> <span class='ocrx_word' id='word_1_128' title='bbox 914 2363 977 2428; x_wconf 90' lang='lat' dir='ltr'>hac</span> <span class='ocrx_word' id='word_1_129' title='bbox 1006 2363 1076 2429; x_wconf 90' lang='lat' dir='ltr'>lere</span> <span class='ocrx_word' id='word_1_130' title='bbox 1105 2363 1217 2429; x_wconf 90' lang='lat' dir='ltr'>lorma</span> <span class='ocrx_word' id='word_1_131' title='bbox 1245 2372 1335 2428; x_wconf 92' lang='lat' dir='ltr'>sunt.</span> 
     </span>
     <span class='ocr_line' id='line_1_20' title="bbox 271 2471 1337 2557; baseline -0.001 -21"><span class='ocrx_word' id='word_1_132' title='bbox 271 2473 402 2538; x_wconf 89' lang='lat' dir='ltr'>Trabes</span> <span class='ocrx_word' id='word_1_133' title='bbox 419 2473 578 2539; x_wconf 88' lang='lat' dir='ltr'>derectae</span> <span class='ocrx_word' id='word_1_134' title='bbox 597 2483 783 2557; x_wconf 87' lang='lat' dir='ltr'>perpetuae</span> <span class='ocrx_word' id='word_1_135' title='bbox 801 2473 835 2537; x_wconf 93' lang='lat' dir='ltr'>in</span> <span class='ocrx_word' id='word_1_136' title='bbox 855 2471 1112 2557; x_wconf 81' lang='lat' dir='ltr'>longitudinem</span> <span class='ocrx_word' id='word_1_137' title='bbox 1131 2472 1269 2557; x_wconf 87' lang='lat' dir='ltr'>paribus</span> <span class='ocrx_word' id='word_1_138' title='bbox 1288 2471 1337 2535; x_wconf 91' lang='lat' dir='ltr'>in·</span> 
     </span>
     <span class='ocr_line' id='line_1_21' title="bbox 272 2580 1337 2665; baseline -0.003 -19"><span class='ocrx_word' id='word_1_139' title='bbox 272 2583 433 2660; x_wconf 90' lang='lat' dir='ltr'>tervallis,</span> <span class='ocrx_word' id='word_1_140' title='bbox 454 2581 622 2647; x_wconf 89' lang='lat' dir='ltr'>distantes</span> <span class='ocrx_word' id='word_1_141' title='bbox 642 2583 731 2647; x_wconf 92' lang='lat' dir='ltr'>inter</span> <span class='ocrx_word' id='word_1_142' title='bbox 751 2587 787 2646; x_wconf 88' lang='lat' dir='ltr'>se</span> <span class='ocrx_word' id='word_1_143' title='bbox 807 2581 909 2646; x_wconf 84' lang='lat' dir='ltr'>binos</span> <span class='ocrx_word' id='word_1_144' title='bbox 929 2581 1045 2665; x_wconf 89' lang='lat' dir='ltr'>pedes,</span> <span class='ocrx_word' id='word_1_145' title='bbox 1067 2581 1101 2645; x_wconf 93' lang='lat' dir='ltr'>in</span> <span class='ocrx_word' id='word_1_146' title='bbox 1123 2583 1198 2646; x_wconf 80' lang='lat' dir='ltr'>solo</span> <span class='ocrx_word' id='word_1_147' title='bbox 1219 2580 1337 2645; x_wconf 91' lang='lat' dir='ltr'>conlo-</span> 
     </span>
    </p>

    <p class='ocr_par' dir='ltr' id='par_1_6' title="bbox 220 2688 1337 3206">
     <span class='ocr_line' id='line_1_22' title="bbox 220 2688 1337 2771; baseline -0.001 -17"><span class='ocrx_word' id='word_1_148' title='bbox 220 2717 253 2754; x_wconf 87' lang='lat'>20</span> <span class='ocrx_word' id='word_1_149' title='bbox 272 2701 403 2756; x_wconf 88' lang='lat' dir='ltr'>cantur.</span> <span class='ocrx_word' id='word_1_150' title='bbox 455 2691 533 2757; x_wconf 92' lang='lat' dir='ltr'>Hae</span> <span class='ocrx_word' id='word_1_151' title='bbox 559 2690 796 2757; x_wconf 88' lang='lat' dir='ltr'>revinciuntur</span> <span class='ocrx_word' id='word_1_152' title='bbox 820 2688 989 2754; x_wconf 80' lang='lat' dir='ltr'>iutrarsus</span> <span class='ocrx_word' id='word_1_153' title='bbox 1014 2701 1047 2754; x_wconf 92' lang='lat' dir='ltr'>et</span> <span class='ocrx_word' id='word_1_154' title='bbox 1072 2689 1183 2752; x_wconf 83' lang='lat' dir='ltr'>multa</span> <span class='ocrx_word' id='word_1_155' title='bbox 1207 2708 1337 2771; x_wconf 88' lang='lat' dir='ltr'>aggere</span> 
     </span>
     <span class='ocr_line' id='line_1_23' title="bbox 273 2795 1336 2882; baseline -0.003 -18"><span class='ocrx_word' id='word_1_156' title='bbox 273 2799 480 2878; x_wconf 90' lang='lat' dir='ltr'>vestiuntur;</span> <span class='ocrx_word' id='word_1_157' title='bbox 505 2822 545 2866; x_wconf 91' lang='lat' dir='ltr'>ea</span> <span class='ocrx_word' id='word_1_158' title='bbox 567 2810 683 2865; x_wconf 89' lang='lat' dir='ltr'>autem</span> <span class='ocrx_word' id='word_1_159' title='bbox 708 2819 796 2882; x_wconf 93' lang='lat' dir='ltr'>quae</span> <span class='ocrx_word' id='word_1_160' title='bbox 820 2797 973 2861; x_wconf 86' lang='lat' dir='ltr'>diximus</span> <span class='ocrx_word' id='word_1_161' title='bbox 997 2795 1175 2860; x_wconf 78' lang='lat' dir='ltr'>intervella</span> <span class='ocrx_word' id='word_1_162' title='bbox 1198 2796 1336 2880; x_wconf 87' lang='lat' dir='ltr'>grandi·</span> 
     </span>
     <span class='ocr_line' id='line_1_24' title="bbox 270 2903 1335 2974; baseline -0.003 -2"><span class='ocrx_word' id='word_1_163' title='bbox 270 2908 334 2974; x_wconf 93' lang='lat' dir='ltr'>bus</span> <span class='ocrx_word' id='word_1_164' title='bbox 363 2908 396 2973; x_wconf 88' lang='lat' dir='ltr'>iu</span> <span class='ocrx_word' id='word_1_165' title='bbox 427 2909 540 2974; x_wconf 81' lang='lat' dir='ltr'>fronte</span> <span class='ocrx_word' id='word_1_166' title='bbox 569 2914 660 2973; x_wconf 91' lang='lat' dir='ltr'>saxis</span> <span class='ocrx_word' id='word_1_167' title='bbox 689 2905 922 2972; x_wconf 87' lang='lat' dir='ltr'>efferciuntur.</span> <span class='ocrx_word' id='word_1_168' title='bbox 985 2903 1052 2968; x_wconf 92' lang='lat' dir='ltr'>His</span> <span class='ocrx_word' id='word_1_169' title='bbox 1081 2903 1272 2969; x_wconf 81' lang='lat' dir='ltr'>conlocatis</span> <span class='ocrx_word' id='word_1_170' title='bbox 1302 2915 1335 2969; x_wconf 93' lang='lat' dir='ltr'>et</span> 
     </span>
     <span class='ocr_line' id='line_1_25' title="bbox 271 3012 1335 3102; baseline -0.005 -19"><span class='ocrx_word' id='word_1_171' title='bbox 271 3024 525 3102; x_wconf 89' lang='lat' dir='ltr'>coagmentatis</span> <span class='ocrx_word' id='word_1_172' title='bbox 545 3017 630 3081; x_wconf 88' lang='lat' dir='ltr'>alius</span> <span class='ocrx_word' id='word_1_173' title='bbox 648 3022 790 3099; x_wconf 90' lang='lat' dir='ltr'>insuper</span> <span class='ocrx_word' id='word_1_174' title='bbox 808 3013 895 3078; x_wconf 77' lang='lat' dir='ltr'>arde</span> <span class='ocrx_word' id='word_1_175' title='bbox 915 3012 1063 3090; x_wconf 86' lang='lat' dir='ltr'>additur,</span> <span class='ocrx_word' id='word_1_176' title='bbox 1083 3023 1120 3077; x_wconf 92' lang='lat' dir='ltr'>ut</span> <span class='ocrx_word' id='word_1_177' title='bbox 1141 3012 1233 3078; x_wconf 92' lang='lat' dir='ltr'>idem</span> <span class='ocrx_word' id='word_1_178' title='bbox 1254 3013 1335 3078; x_wconf 90' lang='lat' dir='ltr'>illud</span> 
     </span>
     <span class='ocr_line' id='line_1_26' title="bbox 271 3119 1335 3206; baseline -0.003 -16"><span class='ocrx_word' id='word_1_179' title='bbox 271 3126 490 3192; x_wconf 90' lang='lat' dir='ltr'>intervallum</span> <span class='ocrx_word' id='word_1_180' title='bbox 510 3130 665 3189; x_wconf 90' lang='lat' dir='ltr'>servetur</span> <span class='ocrx_word' id='word_1_181' title='bbox 684 3143 797 3206; x_wconf 89' lang='lat' dir='ltr'>neque</span> <span class='ocrx_word' id='word_1_182' title='bbox 818 3121 907 3187; x_wconf 90' lang='lat' dir='ltr'>inter</span> <span class='ocrx_word' id='word_1_183' title='bbox 928 3127 964 3186; x_wconf 90' lang='lat' dir='ltr'>se</span> <span class='ocrx_word' id='word_1_184' title='bbox 983 3119 1189 3206; x_wconf 88' lang='lat' dir='ltr'>contingant</span> <span class='ocrx_word' id='word_1_185' title='bbox 1210 3123 1335 3199; x_wconf 87' lang='lat' dir='ltr'>trabes,</span> 
     </span>
    </p>

    <p class='ocr_par' dir='ltr' id='par_1_7' title="bbox 220 3229 1337 3530">
     <span class='ocr_line' id='line_1_27' title="bbox 220 3229 1337 3318; baseline -0.005 -17"><span class='ocrx_word' id='word_1_186' title='bbox 220 3266 250 3315; x_wconf 83' lang='lat'>25</span> <span class='ocrx_word' id='word_1_187' title='bbox 271 3234 342 3312; x_wconf 90' lang='lat' dir='ltr'>sed,</span> <span class='ocrx_word' id='word_1_188' title='bbox 365 3235 503 3318; x_wconf 87' lang='lat' dir='ltr'>paribus</span> <span class='ocrx_word' id='word_1_189' title='bbox 524 3231 726 3297; x_wconf 89' lang='lat' dir='ltr'>intermissis</span> <span class='ocrx_word' id='word_1_190' title='bbox 748 3231 877 3315; x_wconf 91' lang='lat' dir='ltr'>spatiis,</span> <span class='ocrx_word' id='word_1_191' title='bbox 900 3229 1055 3314; x_wconf 88' lang='lat' dir='ltr'>singulae</span> <span class='ocrx_word' id='word_1_192' title='bbox 1078 3229 1223 3315; x_wconf 89' lang='lat' dir='ltr'>singulis</span> <span class='ocrx_word' id='word_1_193' title='bbox 1244 3237 1337 3296; x_wconf 89' lang='lat' dir='ltr'>saxis</span> 
     </span>
     <span class='ocr_line' id='line_1_28' title="bbox 270 3338 1337 3428; baseline -0.002 -21"><span class='ocrx_word' id='word_1_194' title='bbox 270 3342 456 3428; x_wconf 86' lang='lat' dir='ltr'>interiectis</span> <span class='ocrx_word' id='word_1_195' title='bbox 473 3347 547 3407; x_wconf 88' lang='lat' dir='ltr'>arte</span> <span class='ocrx_word' id='word_1_196' title='bbox 565 3339 817 3406; x_wconf 88' lang='lat' dir='ltr'>contineantur.</span> <span class='ocrx_word' id='word_1_197' title='bbox 868 3338 924 3406; x_wconf 85' lang='lat' dir='ltr'>Sic</span> <span class='ocrx_word' id='word_1_198' title='bbox 943 3338 1106 3422; x_wconf 90' lang='lat' dir='ltr'>deinceps</span> <span class='ocrx_word' id='word_1_199' title='bbox 1125 3360 1229 3405; x_wconf 88' lang='lat' dir='ltr'>omne</span> <span class='ocrx_word' id='word_1_200' title='bbox 1248 3360 1337 3424; x_wconf 91' lang='lat' dir='ltr'>opus</span> 
     </span>
     <span class='ocr_line' id='line_1_29' title="bbox 271 3447 1163 3530; baseline -0.004 -14"><span class='ocrx_word' id='word_1_201' title='bbox 271 3450 471 3516; x_wconf 91' lang='lat' dir='ltr'>contexitur</span> <span class='ocrx_word' id='word_1_202' title='bbox 489 3449 573 3515; x_wconf 92' lang='lat' dir='ltr'>dum</span> <span class='ocrx_word' id='word_1_203' title='bbox 591 3449 680 3514; x_wconf 80' lang='lat' dir='ltr'>irista</span> <span class='ocrx_word' id='word_1_204' title='bbox 698 3453 788 3513; x_wconf 81' lang='lat' dir='ltr'>mari</span> <span class='ocrx_word' id='word_1_205' title='bbox 805 3447 953 3513; x_wconf 81' lang='lat' dir='ltr'>altittida</span> <span class='ocrx_word' id='word_1_206' title='bbox 973 3447 1163 3530; x_wconf 75' lang='lat' dir='ltr'>expleatur.</span> 
     </span>
    </p>

    <p class='ocr_par' dir='ltr' id='par_1_8' title="bbox 340 3555 1335 3642">
     <span class='ocr_line' id='line_1_30' title="bbox 340 3555 1335 3642; baseline -0.002 -18"><span class='ocrx_word' id='word_1_207' title='bbox 340 3559 422 3625; x_wconf 80' lang='lat' dir='ltr'>Hac</span> <span class='ocrx_word' id='word_1_208' title='bbox 443 3579 524 3624; x_wconf 92' lang='lat' dir='ltr'>cum</span> <span class='ocrx_word' id='word_1_209' title='bbox 545 3557 580 3624; x_wconf 90' lang='lat' dir='ltr'>in</span> <span class='ocrx_word' id='word_1_210' title='bbox 601 3557 751 3642; x_wconf 91' lang='lat' dir='ltr'>speciem</span> <span class='ocrx_word' id='word_1_211' title='bbox 773 3555 1047 3639; x_wconf 79' lang='lat' dir='ltr'>varietatemque</span> <span class='ocrx_word' id='word_1_212' title='bbox 1068 3577 1157 3640; x_wconf 89' lang='lat' dir='ltr'>opus</span> <span class='ocrx_word' id='word_1_213' title='bbox 1180 3555 1335 3622; x_wconf 85' lang='lat' dir='ltr'>deforme</span> 
     </span>
    </p>
   </div>
   <div class='ocr_carea' id='block_1_6' title="bbox 221 3773 1338 3968">
    <p class='ocr_par' dir='ltr' id='par_1_9' title="bbox 221 3773 1338 3968">
     <span class='ocr_line' id='line_1_31' title="bbox 221 3773 1337 3852; baseline -0.007 -4"><span class='ocrx_word' id='word_1_214' title='bbox 221 3808 253 3848; x_wconf 73' lang='lat' dir='ltr'>ao</span> <span class='ocrx_word' id='word_1_215' title='bbox 271 3778 410 3844; x_wconf 69' lang='lat' dir='ltr'>cardines</span> <span class='ocrx_word' id='word_1_216' title='bbox 432 3787 579 3852; x_wconf 91' lang='lat' dir='ltr'>servant,</span> <span class='ocrx_word' id='word_1_217' title='bbox 602 3787 677 3841; x_wconf 90' lang='lat' dir='ltr'>tum</span> <span class='ocrx_word' id='word_1_218' title='bbox 696 3775 739 3840; x_wconf 88' lang='lat' dir='ltr'>ad</span> <span class='ocrx_word' id='word_1_219' title='bbox 760 3775 945 3840; x_wconf 80' lang='lat' dir='ltr'>atilitatem</span> <span class='ocrx_word' id='word_1_220' title='bbox 967 3784 1001 3839; x_wconf 89' lang='lat' dir='ltr'>et</span> <span class='ocrx_word' id='word_1_221' title='bbox 1022 3773 1260 3841; x_wconf 83' lang='lat' dir='ltr'>delensionem</span> <span class='ocrx_word' id='word_1_222' title='bbox 1282 3797 1337 3840; x_wconf 88' lang='lat' dir='ltr'>ur-</span> 
     </span>
     <span class='ocr_line' id='line_1_32' title="bbox 272 3881 1338 3968; baseline -0.004 -15"><span class='ocrx_word' id='word_1_223' title='bbox 272 3887 368 3953; x_wconf 93' lang='lat' dir='ltr'>bium</span> <span class='ocrx_word' id='word_1_224' title='bbox 384 3907 557 3953; x_wconf 89' lang='lat' dir='ltr'>summam</span> <span class='ocrx_word' id='word_1_225' title='bbox 572 3886 676 3949; x_wconf 91' lang='lat' dir='ltr'>habet</span> <span class='ocrx_word' id='word_1_226' title='bbox 692 3882 982 3968; x_wconf 81' lang='lat' dir='ltr'>oportanitatem;</span> <span class='ocrx_word' id='word_1_227' title='bbox 999 3881 1094 3966; x_wconf 92' lang='lat' dir='ltr'>quod</span> <span class='ocrx_word' id='word_1_228' title='bbox 1110 3891 1144 3947; x_wconf 88' lang='lat' dir='ltr'>et</span> <span class='ocrx_word' id='word_1_229' title='bbox 1161 3882 1204 3948; x_wconf 89' lang='lat' dir='ltr'>ab</span> <span class='ocrx_word' id='word_1_230' title='bbox 1222 3883 1338 3950; x_wconf 88' lang='lat' dir='ltr'>iucen-</span> 
     </span>
    </p>
   </div>
   <div class='ocr_carea' id='block_1_7' title="bbox 0 0 1528 4444">
    <p class='ocr_par' dir='ltr' id='par_1_10' title="bbox 0 0 1528 4444">
     <span class='ocr_line' id='line_1_33' title="bbox 0 0 1528 4444; baseline 0 2"><span class='ocrx_word' id='word_1_231' title='bbox 0 0 1528 4444; x_wconf 95' lang='lat' dir='ltr'> </span> 
     </span>
    </p>
   </div>
  </div>
 </body>
</html>
