3014 4452
488 367 605 419 LIBER
631 368 695 420 Vll.
722 367 805 422 CAP.
830 365 943 423 66-68.
1189 324 1270 428 211¹

183 545 274 612 acios
293 547 336 612 ab
358 547 495 612 duobus
516 546 680 612 lateribus
702 546 902 623 ostendunt,
925 551 994 611 ima
1014 551 1034 611 a
1055 549 1168 629 primo
1189 565 1249 628 ag-

185 656 276 721 mine
304 655 368 721 iter
395 655 562 739 impedire
589 655 714 740 coepit.
765 655 847 740 Quo
873 661 910 720 ro
937 653 1095 720 nontiato
1124 653 1250 719 Caesar

183 787 285 832 suum
303 787 444 850 quoque
461 765 655 849 equitatum
672 765 845 850 tripertito
863 765 1013 829 divisum
1031 769 1153 828 contro
1171 763 1249 827 hos-

183 886 254 942 tem
280 881 330 941 ire
356 875 461 941 iubet.
524 875 707 960 Pognaitur
734 880 803 940 tina
830 873 993 939 omnibus
1021 873 1055 938 in
1083 871 1248 956 partibus,

183 983 354 1050 Consistit
372 1005 514 1069 agmen3
531 983 781 1069 impedimenta
798 983 889 1048 inter
906 983 1062 1069 legionos
1080 981 1248 1066 recipiun-
1269 1003 1282 1050 5

183 1104 250 1159 tur.
300 1093 336 1160 Si
354 1099 422 1178 qua
439 1093 474 1158 in
491 1104 588 1177 parte
606 1100 715 1159 nostri
733 1094 888 1159 laborare
905 1105 964 1158 aut
983 1091 1123 1178 gravius
1140 1098 1250 1175 premi

184 1203 400 1280 vidobantur,
423 1208 465 1269 eo
487 1209 586 1288 signa
606 1202 723 1268 inlerri
746 1201 871 1268 Caesar
893 1201 1072 1285 aciemque
1094 1207 1250 1266 converti

184 1310 341 1389 iubebat3
366 1332 455 1396 quae
475 1317 529 1376 ros
549 1321 584 1378 et
606 1311 727 1377 hostos
747 1313 790 1377 ad
811 1312 1064 1396 insequendum
1085 1309 1247 1376 tardabat

184 1431 217 1485 et
235 1426 374 1486 nostros
390 1427 451 1505 spo
466 1421 572 1486 auxili
590 1420 828 1486 confirmabat.

251 1529 409 1594 Tandem
428 1528 592 1595 Germani
608 1530 651 1594 ab
668 1529 794 1594 dextro
812 1530 916 1594 latere
934 1550 1110 1594 summum
1127 1527 1250 1613 iugum
1270 1552 1300 1588 ιο

182 1644 274 1704 nacti
291 1639 409 1704 hostos
424 1639 502 1704 loco
520 1638 712 1722 dopellunt;
731 1637 904 1723 fugientos
922 1638 1090 1722 usquead
1109 1638 1249 1715 flomen,

127 1793 131 1804 ·
184 1747 242 1813 ubi
265 1746 537 1833 Vercingetorix
560 1768 640 1813 cum
664 1747 880 1832 pedestribus
903 1747 1012 1830 copiIs
1036 1746 1250 1823 consederat,

183 1869 439 1941 persequuntur
460 1857 726 1941 complorosque
747 1855 968 1921 interficiunt.
1019 1855 1100 1940 Qua
1122 1862 1158 1921 ro
1179 1855 1250 1920 ani·

184 1967 365 2033 madverso
385 1966 518 2050 reliqui,
539 1973 582 2032 no
603 1966 935 2032 circumvenirentur
957 1965 1066 2042 veriti,
1089 1972 1125 2031 se
1147 1965 1250 2050 fugae

182 2077 357 2142 mandant.
408 2076 584 2143 Omnibus
603 2078 687 2141 locis
706 2075 744 2140 fit
761 2075 892 2141 caedos.
942 2075 1028 2140 Tros
1047 2075 1250 2140 nobilissimi
1270 2099 1299 2150 ις

185 2185 325 2251 Haedui
347 2192 439 2269 capti
460 2186 504 2250 ad
528 2184 711 2251 Caesarem
732 2185 984 2269 perdocuntur:
1009 2183 1129 2261 Cotus,
1154 2205 1249 2268 prae-

182 2295 292 2365 fectus
311 2295 479 2379 equitum,
500 2300 559 2378 qui
579 2294 851 2360 controversiam
872 2315 952 2359 cum
973 2293 1250 2360 Convictolitave

184 2404 353 2488 proximis
372 2403 523 2470 comitiis
542 2404 719 2480 habuerat,
739 2415 773 2470 et
794 2403 993 2481 Cauarillus,
1015 2409 1074 2487 qui
1094 2414 1171 2488 post
1193 2403 1250 2469 de-

183 2514 368 2581 lectionem
400 2513 567 2580 Litavicci
597 2514 814 2599 pedestribus
843 2514 952 2599 copiis
982 2513 1186 2598 praefuerat,
1217 2525 1250 2579 et

184 2625 415 2710 Eporedorix,
434 2630 505 2709 quo
524 2623 612 2690 duce
630 2634 709 2689 ante
727 2625 917 2691 adventum
936 2623 1091 2691 Caesaris
1111 2624 1251 2690 Haedui
1269 2651 1302 2688 20

184 2755 264 2799 cum
284 2734 453 2818 Sequanis
471 2734 562 2800 bello
581 2733 841 2798 contenderant.

272 2889 491 2960 Verct'rgetortlr
509 2894 632 2943 retreats
648 2894 681 2948 to,
696 2889 802 2950 Alesia,
815 2887 911 2941 which
932 2887 1039 2941 Caesar
1055 2886 1164 2940 decriles

638 2982 666 3030 to
683 2977 795 3048 besrkge.

255 3085 394 3171 Fugato
418 3093 515 3153 omni
539 3087 695 3171 equitatti
723 3086 991 3171 Vercingetorix
1016 3084 1134 3169 copias
1159 3089 1248 3160 suos,
1267 3088 1309 3156 68

185 3205 223 3260 ut
247 3201 311 3279 pro
334 3203 453 3261 castris
477 3197 730 3273 conlocaverat,
755 3195 893 3261 rediixit
918 3195 1146 3278 protinusque
1170 3193 1250 3258 Ale-

184 3304 281 3382 siam,
297 3305 392 3389 quod
407 3314 459 3370 est
475 3305 645 3389 oppidum
664 3304 948 3381 Mandubiorum,
966 3304 1031 3370 iter
1047 3303 1157 3369 lacere
1173 3325 1250 3368 coe-

185 3414 246 3497 pit,
261 3414 485 3498 celeriterque
500 3415 748 3498 impedimenta
762 3435 805 3478 ex
821 3419 941 3478 castris
956 3413 1056 3478 odirci
1072 3423 1105 3478 et
1122 3419 1157 3478 so
1172 3413 1251 3478 sub·
1270 3441 1300 3490 25

184 3531 281 3609 sequi
294 3524 400 3590 iussit.
452 3523 578 3590 Caesar
591 3523 847 3607 impedimentis
861 3522 895 3587 in
911 3523 1111 3605 proximum
1127 3523 1251 3588 collem

185 3633 308 3711 ductis,
341 3634 476 3700 duabus
508 3631 705 3717 legionibus
738 3631 909 3716 praesidio
943 3631 1079 3708 relictis,
1113 3638 1252 3697 secotus

186 3742 304 3806 hostos
331 3753 500 3826 quantum
527 3742 595 3808 diei
622 3751 760 3824 tempus
786 3751 838 3806 est
864 3761 1015 3824 passum,
1042 3740 1178 3806 circiter
1205 3759 1251 3805 111

186 3849 324 3913 milibus
345 3871 389 3915 ex
410 3851 600 3916 novissimo
621 3850 761 3934 agmine
782 3849 980 3926 interiectis,
1002 3850 1110 3915 altero
1132 3849 1187 3916 dio
1209 3849 1252 3915 ad

187 3955 339 4021 Alesiam
361 3966 471 4022 castra
492 3957 581 4023 iocit.
632 3955 821 4042 Perspecto
842 3957 937 4023 urbis
958 3958 1026 4023 situ
1048 3958 1252 4042 perterritis·
1271 3985 1303 4034 ³0
