3000 4456
190 400 225 446 12
573 385 686 439 BELLl
713 385 872 440 GALLlCl

189 569 365 642 testatem,
388 563 543 649 graviter
563 571 623 630 eos
644 570 796 644 accusat,
819 567 925 650 quod,
949 588 1029 632 cum
1052 553 1164 652 neque
1187 573 1254 634 emi

188 694 299 758 neque
322 695 367 738 ex
391 680 484 759 agris
508 680 598 739 stimi
621 673 743 759 possit,
769 685 842 740 tam
866 676 1061 743 necessario
1085 688 1252 763 tempore,

188 792 259 847 tam
281 781 485 866 propinquis
506 781 675 859 hostibus,
697 783 739 848 ab
761 789 810 848 eis
831 789 903 848 non
925 785 1135 864 sublevetur,
1157 807 1252 870 prae-

187 890 306 956 sertim
326 912 406 956 cum
427 898 555 976 magna
574 914 619 957 ex
639 901 738 976 parte
758 898 880 959 eorum
901 893 1060 978 precibus
1080 896 1253 963 adductus

153 1017 166 1066 5
185 999 314 1065 bellum
331 1000 537 1084 susceperit;
554 1000 665 1065 multo
682 1000 786 1066 etiam
803 1003 954 1087 gravius,
973 1005 1068 1090 quod
1086 1004 1129 1070 sit
1148 1005 1254 1072 desti·

188 1114 297 1188 tutus,
318 1109 485 1193 queritur.

374 1272 433 1328 The
444 1273 567 1327 Haedui
576 1292 628 1328 are
639 1280 689 1329 not
700 1276 746 1330 all
754 1277 832 1347 loyal
840 1283 868 1330 to
879 1276 928 1331 the
938 1277 1072 1332 Romam.

129 1395 169 1465 17
254 1383 346 1450 Tum
374 1385 516 1451 demum
545 1384 668 1451 Liscus
695 1386 855 1452 oratione
885 1386 1040 1453 Caesaris
1068 1387 1251 1464 adductus,

187 1493 282 1577 quod
302 1499 406 1559 antea
427 1505 594 1574 tacuerat,
617 1495 798 1581 proponit:
821 1496 907 1562 Esse
928 1503 998 1561 non
1021 1495 1144 1574 nullos,
1167 1501 1252 1580 quo-

143 1619 145 1624 ·
186 1624 263 1668 rum
280 1601 473 1668 auct6ritas
491 1604 584 1688 apud
603 1605 739 1689 plebem
758 1604 946 1689 plurimum
964 1604 1089 1684 valeat,
1109 1610 1168 1688 qui
1186 1609 1253 1688 pri-

138 1741 167 1777 ιο
187 1711 293 1777 vatim
314 1712 391 1796 plus
412 1713 546 1796 possint
568 1735 672 1797 quam
693 1713 758 1797 ipsi
779 1713 1013 1799 magistratus
1064 1712 1143 1778 Hos
1165 1712 1251 1778 sedi-

186 1821 276 1887 tiosa
296 1833 402 1906 atque
422 1822 582 1908 improba
602 1822 762 1890 oratione
783 1823 1047 1891 multitudinem
1069 1824 1252 1902 deterrere,

186 1938 230 1997 ne
253 1932 467 1999 frumentum
491 1932 681 2012 conferant,
706 1934 800 2018 quod
824 1934 990 1999 debeant:
1015 1939 1199 2018 praestare,
1225 1938 1253 1997 si

185 2041 254 2107 iam
277 2043 511 2128 principatum
535 2042 665 2109 Galliae
689 2043 847 2108 obtinere
871 2049 941 2108 non
965 2041 1111 2127 possint,
1137 2040 1252 2107 Gallo-

186 2173 262 2217 rum
283 2173 387 2237 quam
411 2153 652 2219 Romanorum
672 2151 815 2236 imperia
835 2150 998 2235 perferre3
1019 2171 1130 2234 neque
1152 2148 1249 2214 dubi·

137 2269 260 2342 15tare
285 2263 420 2342 debere,
446 2269 539 2346 quin,
564 2268 593 2326 si
617 2260 802 2327 Helvetios
826 2258 1063 2344 superaverint
1090 2260 1250 2337 Romani,

186 2378 255 2438 tina
277 2393 358 2438 cum
381 2371 510 2456 reliqua
532 2369 643 2436 Gallia
667 2368 824 2434 Haeduis
846 2368 1042 2434 libertatem
1066 2368 1134 2435 sint
1156 2375 1252 2454 erep-

186 2488 265 2548 turi.
315 2481 372 2545 Ab
391 2480 501 2545 isdem
521 2490 639 2543 nostra
659 2476 800 2542 consilia
820 2497 977 2561 quaeque
998 2476 1033 2541 in
1053 2484 1172 2543 castris
1193 2499 1251 2562 ge·

186 2603 306 2658 rantur
325 2589 483 2654 hostibus
503 2587 675 2653 enuntiari
695 2587 759 2651 hos
778 2593 798 2652 a
818 2593 854 2652 se
874 2587 1027 2651 coerceri
1046 2593 1117 2652 non
1138 2608 1249 2671 posse.

188 2703 284 2787 Quin
314 2697 428 2776 etiam,
458 2698 553 2782 quod
582 2695 809 2762 necessariam
838 2718 911 2762 rem
940 2702 1085 2762 coactus
1114 2695 1252 2762 Caesari

135 2837 167 2903 ²9
185 2809 385 2886 enuntiarit,
405 2807 606 2892 intellegere
624 2812 708 2884 sese,
728 2813 863 2892 quanto
880 2807 915 2872 id
934 2828 1015 2872 cum
1034 2807 1187 2891 periculo
1206 2805 1253 2872 ie-

186 2919 281 2998 cerit,
304 2930 339 2984 et
361 2918 407 2984 ob
428 2939 503 2984 eam
525 2937 674 2995 causam,
696 2937 801 3001 quam
823 2916 881 2983 diri
902 2916 1069 3002 potuerit,
1093 2915 1250 2982 tacuisse.

454 3085 482 3140 T
476 3083 613 3156 reachery
624 3085 660 3158 os
668 3085 837 3139 Dumnorix
848 3081 986 3136 revealed.

128 3196 168 3261 18
256 3196 383 3263 Caesar
405 3197 469 3264 hac
493 3195 650 3262 oratione
676 3195 767 3261 Lisci
792 3196 1060 3279 Dumnorigem,
1086 3189 1254 3257 Diviciaci

186 3306 336 3386 fraitrem,
360 3306 535 3392 designari
557 3305 747 3383 sentiebam
769 3305 838 3382 sed,
863 3303 957 3388 quod
980 3302 1136 3387 pluribus
1158 3321 1254 3385 prae-

186 3415 343 3482 sentibus
361 3423 418 3483 eris
437 3423 490 3482 res
509 3415 630 3482 iactari
648 3415 801 3492 nolebat,
821 3411 978 3478 celeriter
996 3410 1183 3476 concilium
1202 3409 1251 3474 di-

135 3544 165 3594 25
186 3526 304 3605 mittit,
333 3526 474 3592 Liscum
501 3525 636 3591 retinet.
688 3523 833 3610 Quaerit
861 3545 905 3588 ex
933 3521 1008 3586 solo
1035 3541 1075 3585 ea
1102 3539 1190 3603 quae
1217 3517 1252 3581 in

186 3641 362 3702 conventri
380 3636 525 3700 dixerat.
577 3633 671 3698 Dicit
690 3632 829 3698 liberius
847 3641 951 3714 atque
969 3627 1142 3694 audacius.

256 3746 388 3811 Eadem
412 3751 549 3810 secreto
573 3742 616 3810 ab
640 3742 713 3808 aliis
737 3740 887 3826 quaerit;
912 3737 1037 3824 reperit
1061 3760 1135 3804 esse
1158 3744 1252 3804 vera:

186 3855 304 3940 Ipsum
320 3876 394 3920 esse
411 3853 678 3937 Dumnorigem,
696 3857 831 3916 summa
846 3848 999 3926 audacia,
1017 3854 1145 3933 magna
1161 3845 1252 3931 apud

186 3963 322 4048 plebem
350 3973 495 4047 propter
521 3959 764 4027 liberalitatem
791 3956 915 4043 gratia,
944 3955 1110 4041 cupidum
1139 3963 1253 4021 rerum
