3014 4452
537 357 655 410 trusa
680 357 745 410 vu.
772 357 854 412 cnr.
880 356 993 422 76-77·
1239 373 1300 439 217

231 536 343 602 moria
365 542 576 614 moveretur,
598 542 790 620 omnesque
812 546 845 602 et
866 535 983 602 animo
1005 547 1039 602 et
1061 535 1186 619 opibus
1208 534 1298 601 inid

232 645 361 710 bellum
380 643 631 710 incumberent.

302 753 442 820 Coactis
468 752 625 836 equitum
652 753 791 819 milibus
817 772 890 820 v111
918 764 952 820 et
980 753 1137 836 peditum
1165 752 1300 818 circiter

232 881 309 940 ch,
327 863 412 929 haec
430 861 465 927 in
485 861 716 927 Haeduorum
735 862 862 927 linibus
881 862 1159 939 recensebantur,
1179 882 1299 927 nume-

230 993 358 1056 rusque
391 971 553 1048 inibatur,
587 970 751 1054 praelecti
785 971 1100 1037 constituebantur:
1136 970 1330 1046 Commios

231 1081 400 1158 Atrebati,
419 1079 643 1146 Viridomaro
661 1090 696 1146 et
713 1080 948 1165 Eporedorigi
967 1079 1135 1157 Haeduis,
1154 1079 1298 1145 Vercas-

231 1190 420 1255 sivellauno
433 1189 613 1266 Arverno,
635 1189 847 1254 consobrino
872 1187 1182 1273 Vercingetorigis,
1206 1209 1299 1254 sum-

231 1321 288 1364 ma
313 1299 436 1383 imperi
461 1297 618 1364 traditur.
669 1297 737 1363 His
761 1298 885 1363 delecti
911 1319 955 1362 ex
980 1297 1177 1362 civitatibus
1203 1298 1299 1364 attri-

228 1409 393 1484 buuntur,
407 1413 557 1492 quorum
572 1405 717 1472 consilio
731 1406 860 1470 bellum
873 1405 1179 1472 administraretur.
1212 1407 1299 1474 Om-

231 1524 292 1584 nes
309 1517 438 1583 alacres
456 1527 490 1583 et
508 1515 655 1581 fiduciae
674 1516 766 1599 pleni
785 1515 828 1580 ad
847 1514 1000 1580 Alesiam
1020 1515 1298 1599 proficiscuntur,
1318 1547 1350 1584 ιο

231 1649 343 1711 neque
360 1636 431 1692 erat
449 1625 606 1690 omnium
623 1623 806 1708 quisquam
824 1630 883 1708 qui
901 1635 1080 1708 aspectum
1099 1627 1207 1692 modo
1225 1638 1299 1693 tan-

231 1747 286 1803 tae
301 1734 533 1802 multitudinis
550 1733 710 1800 sustineri
727 1754 830 1818 posse
847 1733 1078 1818 arbitraretur,
1097 1736 1298 1818 praesertim

230 1846 371 1931 ancipiti
390 1844 534 1929 proelio,
554 1864 634 1909 cum
654 1865 698 1909 ex
718 1841 849 1926 oppido
869 1841 1051 1925 eruptione
1072 1849 1298 1929 pugnaretur,

230 1955 312 2023 loris
331 1965 448 2021 tantae
467 1953 588 2038 copiae
607 1952 782 2037 equitatus
802 1951 1045 2036 peditatusque
1065 1964 1297 2020 cernerentur.

277 2144 398 2200 Council
412 2144 447 2215 ff
460 2159 527 2196 war
544 2143 576 2195 ἐκ
595 2141 703 2195 Alesia.
743 2142 901 2212 Desperate
912 2141 988 2212 plan
1007 2143 1043 2214 os
1059 2144 1253 2214 t'rt'tognatus.

300 2289 401 2355 Atei
424 2297 483 2373 qui
505 2291 640 2358 Alesiae
663 2293 922 2370 obsidebantur,
945 2289 1130 2376 praeterita
1152 2288 1207 2354 die
1230 2292 1298 2372 qua
1315 2288 1358 2359 77

217 2397 359 2486 ‚auxilia
381 2405 525 2466 suorum
549 2409 846 2486 exspectaverant,
872 2406 1083 2484 consumpto
1108 2405 1205 2466 omni
1230 2398 1298 2464 frti-

231 2514 351 2573 mento
365 2509 464 2574 inscii
480 2510 562 2593 quid
579 2510 612 2575 in
631 2512 788 2577 Haeduis
804 2518 992 2598 gereretur,
1010 2511 1158 2578 concilio
1175 2515 1299 2576 coacto

231 2616 275 2682 de
296 2617 392 2682 exito
414 2624 555 2684 suarum
577 2619 795 2686 fortunarum
819 2622 1072 2688 consultabant.
1122 2605 1175 2686 Ac
1198 2620 1299 2686 variis
1330 2633 1333 2640 '

232 2725 333 2792 dictis
358 2727 547 2805 sententiis,
572 2735 719 2813 quarum
745 2752 822 2813 pars
847 2731 1072 2808 deditionem,
1099 2752 1188 2814 pare,
1214 2731 1298 2794 dum

231 2841 320 2902 vires
341 2847 576 2921 suppeterent,
598 2839 817 2923 eruptionem
840 2840 1013 2916 censebat,
1036 2846 1106 2904 non
1129 2849 1298 2923 praetere·
1317 2857 1349 2894 ²0

231 2945 323 3012 unda
339 2947 452 3038 oratio
469 2945 668 3031 Critognati
684 2947 821 3013 videtur
838 2958 981 3031 propter
996 2947 1070 3012 eius
1087 2947 1298 3031 singularem

231 3064 265 3121 et
294 3054 458 3121 nefariam
488 3056 738 3122 credelitatem.
801 3056 870 3122 Hic
901 3063 1039 3134 summo
1069 3056 1103 3120 in
1134 3035 1299 3121 Arvernis

192 3224 199 3242 ,
229 3174 330 3229 ortus
346 3164 425 3229 loco
441 3175 475 3230 et
493 3171 642 3254 magnae
658 3164 799 3231 habitus
814 3165 1047 3243 auctoritatis,
1066 3165 1085 3192 “
1103 3164 1230 3242 Nihil‚’'
1247 3165 1298 3229 in-

232 3273 318 3356 quit,
342 3271 418 3340 “de
441 3280 562 3340 eorum
587 3263 758 3341 sententia
781 3275 936 3341 dictorus
959 3296 1036 3340 sum
1061 3281 1121 3357 qui
1144 3274 1299 3358 turpissi-

228 3381 541 3450 mam-servitutem
556 3383 744 3450 deditionis
758 3385 898 3451 nomine
912 3384 1097 3470 appellant,
1106 3405 1218 3470 neque
1232 3384 1298 3451 hos
1317 3404 1347 3455 2⁵

231 3492 411 3559 habendos
432 3493 560 3559 civium
580 3495 658 3560 loco
679 3516 793 3578 neque
813 3494 855 3559 ad
876 3490 1063 3560 concilium
1083 3492 1299 3560 adhibendos

229 3607 364 3668 censeo.
406 3601 496 3668 Cum
511 3602 564 3668 his
580 3602 663 3668 mihi
680 3609 734 3669 res
750 3614 802 3669 est
820 3610 879 3688 qui
895 3605 1115 3688 eruptionem
1132 3605 1297 3689 probant;

230 3718 381 3796 quorum
396 3711 430 3777 in
446 3712 590 3779 consilio
606 3713 764 3778 omnium
779 3724 932 3779 vestrum
948 3718 1120 3779 consensit
1135 3712 1299 3798 pristinae

231 3822 380 3888 residere
395 3822 532 3888 virtutis
548 3822 716 3888 memoria
733 3823 878 3888 videtur.
929 3822 1048 3888 Animi
1064 3835 1115 3888 est
1132 3824 1197 3888 ista
1212 3822 1299 3887 mol-

232 3929 314 4013 litia,
342 3937 413 4001 non
439 3937 560 4010 virtuS,
589 3931 761 4021 paulisper
788 3930 942 4022 inopiam
970 3930 1057 3998 ferre
1085 3936 1157 3998 non
1185 3951 1296 4021 posse.
1317 3955 1349 4010 30
