3048 4444
272 383 332 450 186
652 386 766 439 BELLI
793 386 952 440 GALLICI

272 562 374 648 Quos
392 563 448 631 ille
467 564 577 634 multi
596 564 665 631 iam
684 575 789 633 nocte
808 566 945 633 silentio
965 587 1010 632 ex
1029 564 1114 651 fuge
1132 565 1282 650 excepit,
1301 575 1337 632 et

271 673 400 739 veritus
419 674 601 758 nequam
620 681 739 741 castris
756 697 801 742 ex
819 681 942 741 eorum
961 680 1133 741 concursii
1152 685 1186 741 et
1206 675 1336 741 miseri·

271 783 390 849 cordia
413 783 509 868 vulgi
534 783 659 849 seditio
683 790 849 862 oreretur,
874 785 996 869 procul
1021 784 1055 849 in
1080 784 1136 850 vizi
1159 783 1336 869 dispositis

270 891 493 958 familiaribus
514 899 584 958 suis
605 893 886 978 principibusque
908 893 1089 959 civitatum
1110 893 1336 977 disparandos

236 1023 249 1074 s
271 1001 564 1085 deducendosque
591 1002 634 1067 ad
660 1008 743 1068 suris
768 1001 911 1080 cirrivit,
939 1024 1027 1087 quae
1054 1002 1179 1088 cuique
1205 1001 1336 1068 civitati

271 1131 349 1194 pars
366 1117 560 1177 castrorum
577 1112 620 1177 ab
637 1111 737 1202 initio
755 1113 954 1178 obvenerat.

377 1283 597 1353 Vercrtgreem'x
614 1300 700 1354 urges
717 1282 765 1336 the
785 1283 876 1337 Gautr
893 1289 922 1338 to
939 1285 1072 1338 continue
1089 1283 1137 1336 the
1153 1300 1228 1337 war.

206 1412 251 1480 ²9
340 1393 487 1458 Postero
504 1393 560 1459 die
577 1392 725 1458 concilio
743 1399 939 1459 convocato
957 1394 1157 1459 constitutus
1176 1394 1335 1459 cohorti·

271 1513 396 1585 tusque
419 1511 481 1580 est,
505 1508 549 1568 ne
572 1508 609 1568 se
631 1502 822 1568 admodum
846 1503 964 1568 animo
988 1502 1221 1580 demitterent,
1246 1508 1333 1568 neve

268 1612 553 1694 perturbarentur
583 1611 820 1677 incommodo.
883 1611 965 1677 Non
997 1611 1124 1676 virtute
1156 1633 1269 1694 neque
1300 1610 1334 1675 in

219 1749 251 1786 ιο
269 1719 342 1786 acie
361 1721 483 1786 vicisse
505 1721 695 1798 Romz'mos,
717 1721 777 1786 sed
798 1720 943 1786 artificio
963 1718 1117 1805 quodam
1137 1731 1172 1786 et
1192 1719 1335 1786 scientie

269 1828 553 1913 oppugnationis,
574 1829 672 1895 cuius
692 1836 739 1896 rei
759 1829 884 1895 tuerint
904 1829 968 1913 ipsi
988 1829 1147 1914 imperiti.
1199 1830 1333 1907 Errrire,

269 1943 380 2021 siqui
404 1937 439 2002 in
462 1938 553 2004 bello
578 1944 700 2004 omnes
723 1939 895 2003 secundos
919 1943 1034 2003 rerum
1059 1943 1249 2022 proventus
1274 1959 1333 2003 ex·

267 2037 433 2131 spectent.
484 2047 556 2113 Sibi
576 2067 767 2131 numquam
787 2046 956 2129 placuisse
975 2046 1164 2111 Avaricum
1184 2046 1332 2123 defendi,

269 2156 366 2221 cuius
387 2163 434 2221 rei
455 2162 560 2222 testes
580 2155 674 2241 ipsos
694 2156 846 2232 haberet,
869 2155 928 2220 sed
950 2154 1079 2219 factum
1100 2154 1353 2248 imprudentiz't

218 2297 247 2347 15
271 2264 469 2349 Biturigum
485 2277 520 2332 et
536 2265 642 2330 nimii
658 2263 886 2348 obsequentia
902 2262 1115 2347 reliquorum
1132 2268 1183 2328 uti
1199 2263 1266 2328 hoc
1283 2264 1333 2328 in-

267 2373 494 2439 commodum
509 2374 731 2458 acciperetur.
783 2371 823 2438 Id
839 2383 957 2438 tamen
973 2379 1010 2438 sie
1026 2372 1181 2438 celeriter
1196 2373 1334 2438 mitiori-

267 2483 332 2547 bus
348 2483 543 2550 commodis
560 2488 771 2549 sanaturum.
823 2481 914 2547 Nam
932 2503 1020 2567 quae
1037 2482 1080 2547 ab
1098 2481 1237 2566 reliquis
1255 2481 1333 2549 Gal-

269 2594 308 2656 lis
334 2593 490 2659 civitates
515 2592 747 2669 dissentirent,
773 2592 835 2656 luis
861 2597 922 2656 suri
947 2590 1128 2676 diligentiis
1152 2591 1333 2656 adiimctri-

267 2722 345 2766 rum
367 2712 471 2786 atque
493 2706 601 2765 unum
624 2700 807 2766 consilium
830 2706 937 2766 totius
962 2699 1091 2765 Galliae
1113 2699 1331 2777 effecturum,

216 2845 249 2883 20
268 2811 366 2877 cirins
382 2815 565 2876 consensui
582 2817 626 2875 ne
643 2809 736 2874 orbis
753 2801 895 2893 quidem
911 2815 1081 2874 terrorum
1099 2809 1208 2892 possit
1226 2809 1334 2875 obsis-

269 2931 354 2997 tere;
380 2918 483 3002 idque
511 2924 547 2982 se
576 2938 684 3001 prope
714 2918 781 2983 iam
810 2916 975 2983 effectum
1004 2918 1140 3003 habere.
1197 2919 1334 2985 Intereri

268 3049 418 3112 aequum
439 3049 511 3093 esse
532 3028 574 3092 ab
596 3034 644 3092 eis
665 3027 861 3092 comprimis
882 3009 1000 3091 salutis
1021 3032 1125 3092 causti
1146 3027 1332 3111 impetrari,

269 3147 305 3201 ut
332 3146 442 3201 castra
466 3141 600 3201 munire
625 3135 855 3212 instituerent,
881 3141 952 3219 quo
978 3135 1109 3201 facilius
1134 3143 1334 3220 repentinos

269 3244 422 3310 hostium
443 3245 593 3327 impetus
614 3244 783 3310 sustinere
805 3256 957 3328 possent.

552 3414 627 3486 They
645 3430 698 3469 are
714 3417 896 3488 uuouraged
911 3422 939 3470 to
957 3417 992 3471 do
1009 3434 1046 3472 so.

207 3563 250 3630 30
340 3525 420 3592 Fuit
433 3526 517 3593 haec
528 3505 644 3593 ¹(initio
657 3532 728 3592 non
743 3525 880 3611 ingrata
895 3525 1010 3606 Gallis,
1025 3540 1058 3594 et
1073 3527 1225 3594 maixime
1239 3527 1334 3612 quod

270 3635 342 3719 ipse
366 3635 483 3701 animo
508 3641 579 3700 non
605 3635 776 3702 deiecerat
802 3641 901 3701 tanto
926 3642 1070 3720 accepto
1097 3636 1333 3714 incommodo,

270 3766 382 3829 neque
402 3751 438 3810 se
460 3744 493 3808 in
515 3745 692 3810 occultum
713 3743 893 3810 abdiderat
914 3755 947 3810 et
969 3750 1197 3828 conspectum
1220 3744 1334 3810 multi-

270 3853 399 3920 tudinis
423 3853 573 3938 fugeram
598 3854 744 3937 plusque
768 3853 886 3919 animi>
912 3853 1093 3937 providere
1117 3865 1150 3919 et
1176 3875 1334 3938 praesen-

268 3971 331 4030 tire
345 3962 619 4039 existimabatur,
635 3961 730 4046 quod
744 3969 781 4028 re
795 3962 932 4047 integri
947 3968 1059 4046 primo
1075 3962 1331 4028 incendendum
