3044 4442
238 354 280 420 68
629 359 742 412 BELLI
769 359 927 413 GALLICI

240 533 344 600 rimas
361 547 518 620 possunt,
538 541 681 621 cogunt.
723 536 847 603 Socies
865 538 928 603 sibi
947 540 990 605 ad
1008 538 1043 605 id
1061 539 1191 607 bellum
1210 542 1307 610 Osis·

239 651 325 722 mos,
348 643 535 724 Lexouios,
559 646 762 726 Namnetes,
783 646 1005 728 Ambiliatos,
1030 648 1199 729 Morinos,
1224 651 1305 718 Dia·

239 754 374 832 blintes,
390 754 574 838 Menapios
588 753 798 834 adsciscunt;
812 755 940 821 auxilia
953 778 997 822 ex
1014 755 1203 836 Britannia,
1218 781 1306 844 quae

239 868 363 929 contra
382 870 439 929 eas
457 863 618 948 regiones
637 862 753 949 posita
771 874 834 942 est,
854 876 1043 931 arcessunt.

290 1051 419 1108 Caesar's
430 1052 606 1124 reasonssor
617 1050 677 1105 this
689 1055 853 1123 campaign.
894 1054 1029 1107 “Bittide
1040 1057 1103 1109 and
1111 1057 1259 1126 conquer.'’

182 1176 222 1228 10
310 1166 420 1232 Erant
452 1166 515 1232 hae
545 1166 771 1233 difficultates
801 1166 881 1233 belli
912 1168 1055 1253 gerendi
1085 1176 1171 1256 quas
1202 1179 1305 1257 supra

240 1276 467 1355 ostendimus,
491 1277 551 1342 sed
573 1289 690 1342 tamen
714 1278 826 1343 multa
848 1277 1030 1344 Caesarem
1054 1281 1098 1345 ad
1120 1279 1154 1345 id
1176 1281 1304 1347 bellum

238 1383 444 1450 incitabant:
471 1384 594 1451 iniaria
620 1391 838 1452 retentorum
866 1386 1023 1472 equitum
1052 1388 1302 1469 Romanorum,

238 1494 378 1560 rebellia
394 1493 485 1560 lacta
501 1505 580 1578 post
598 1493 824 1574 deditianem
842 1495 993 1563 delectio
1008 1497 1099 1563 datis
1115 1497 1302 1578 obsidibus

180 1693 183 1700 Ι
241 1613 295 1668 tot
320 1604 505 1670 civitatum
527 1603 734 1683 coniuratio,
759 1604 793 1670 in
817 1612 946 1690 primis,
970 1612 1014 1672 ne
1037 1607 1101 1672 hac
1125 1616 1224 1692 parte
1246 1629 1304 1673 ne-

190 1735 220 1771 10
238 1712 355 1798 glecta
374 1711 523 1797 reliquae
543 1713 704 1779 natianes
724 1713 788 1780 sibi
809 1714 900 1780 idem
921 1714 1021 1782 licere
1042 1715 1302 1783 arbitrarentur.

240 1807 362 1907 ltaque
381 1845 461 1890 cum
480 1823 697 1909 intellegeret
718 1821 840 1890 omnes
859 1824 928 1891 fere
947 1824 1064 1890 Galles
1084 1831 1184 1891 novis
1203 1826 1305 1891 rebus

239 1934 380 2000 studere
406 1945 439 2000 et
466 1934 510 1998 ad
535 1933 665 2001 bellum
692 1934 868 2000 mobiliter
895 1932 1120 2016 celeriterque
1147 1933 1302 2013 excitari,

238 2051 360 2110 omnes
379 2054 496 2110 autem
516 2045 676 2110 homines
696 2049 819 2108 natara
840 2043 989 2107 libertati
1008 2040 1147 2106 studere
1167 2051 1200 2106 et
1222 2062 1303 2105 con-

238 2153 410 2219 dicionem
433 2152 612 2218 servitutis
634 2151 757 2228 odisse,
782 2150 982 2234 priusquam
1004 2149 1119 2232 plflres
1142 2148 1302 2214 civitates

190 2283 217 2335 15
240 2269 489 2348 conspirarent,
513 2261 732 2347 partiendum
754 2259 817 2326 sibi
838 2266 878 2325 ac
901 2257 1002 2324 latius
1025 2256 1301 2323 distribuendum

238 2373 430 2440 exercitum
445 2371 593 2457 putavit.

302 2545 490 2599 Libutenants
501 2549 563 2597 sent
575 2547 604 2596 to
615 2541 751 2611 dtffirem
758 2544 846 2612 parts
858 2541 893 2613 of
901 2539 948 2595 the
960 2545 1087 2612 country.
1125 2539 1240 2595 Brutus

617 2630 782 2684 commanda
793 2629 841 2683 the
847 2630 922 2698 ficet.

179 2761 217 2811 11
308 2742 432 2825 Itaque
449 2740 488 2806 T.
510 2739 704 2806 Labienum
721 2740 877 2824 legatum
895 2740 930 2804 in
948 2739 1128 2817 Treveros,
1147 2745 1206 2824 qui
1225 2759 1303 2823 pro-

238 2851 323 2918 ximi
344 2852 477 2917 flumini
498 2852 623 2916 Rhene>
644 2859 736 2928 sunt,
759 2872 839 2916 cum
859 2848 1019 2935 equitatu
1042 2848 1162 2914 mittit.
1209 2847 1303 2913 Huic

238 2963 380 3027 mandat
400 2961 530 3026 Remos
547 2960 768 3045 reliquasque
787 2959 913 3044 Belgas
931 2960 1034 3025 adeat
1052 2968 1158 3043 atque
1175 2956 1210 3022 in
1228 2955 1303 3022 offi-

186 3097 219 3136 πο
238 3071 292 3137 cio
309 3070 500 3148 contineat,
518 3068 790 3155 Germanesque,
810 3077 869 3154 qui
886 3067 1016 3134 auxilio
1033 3073 1053 3132 a
1071 3066 1178 3133 Gallis
1194 3087 1304 3132 arces-

238 3186 294 3245 siti
314 3180 529 3258 dicebantur,
551 3186 578 3244 si
597 3201 658 3265 per
677 3179 747 3245 vim
765 3178 912 3245 navibus
931 3177 1059 3242 flamen
1081 3182 1227 3242 transire
1247 3179 1303 3242 cf)-

237 3300 374 3366 nentur‚
405 3287 598 3372 prohibeat.
653 3288 690 3354 P.
722 3288 884 3355 Crassum
915 3307 996 3353 cum
1025 3283 1229 3351 cohortibus
1257 3283 1303 3347 le·

238 3398 403 3483 gionariis
429 3417 486 3463 xn
511 3408 545 3464 et
569 3404 700 3483 magno
724 3404 870 3464 numero
894 3396 1070 3482 equitatus
1094 3393 1129 3458 in
1154 3391 1301 3476 Aquita-

238 3507 331 3573 niam
355 3507 526 3594 proficisci
549 3505 656 3587 iubet,
682 3514 725 3573 ne
748 3530 792 3572 ex
815 3508 868 3572 his
891 3503 1093 3571 nationibus
1117 3499 1244 3567 auxilia
1267 3498 1301 3563 in

186 3637 217 3688 ²5
239 3617 386 3683 Galliam
413 3617 602 3683 mittantur
627 3623 667 3682 ac
695 3626 814 3682 tantae
842 3615 1003 3681 nationes
1031 3612 1300 3695 coniungantur.

238 3727 282 3810 Q.
304 3726 482 3793 Titinium
502 3725 670 3792 Sabinum
692 3725 849 3810 legatum
871 3745 951 3790 cum
973 3720 1169 3807 legionibus
1192 3715 1303 3783 tribus

237 3834 272 3899 in
293 3837 326 3900 V
328 3837 467 3913 enellos
489 3833 717 3901 Coriosolitas
736 3831 984 3917 Lexoviosque
1003 3830 1125 3908 mittit,
1147 3833 1207 3913 qui
1227 3846 1303 3892 eam

238 3965 380 4016 manum
401 3943 634 4016 distinendam
654 3949 762 4015 curet.
809 3941 853 4014 D.
877 3941 1026 4012 Bratum
1047 3939 1304 4010 adulescentem
