3048 4444
271 370 329 447 138
653 369 766 422 BELLl
792 369 951 424 GALLICI

268 545 510 631 perdidissent
526 547 646 633 populi
663 547 814 613 Romoni
830 548 973 634 imperia
988 549 1189 635 perferrent,
1205 549 1334 635 gravis-

269 657 356 723 sime
369 657 544 723 dolebant.

601 743 713 814 Efforts
724 744 760 815 os
773 745 1001 800 Induttomarus.

208 864 251 934 55
337 853 478 920 Treveri
494 859 576 919 vero
591 864 697 938 atque
714 853 977 921 Indotiomerus
993 860 1105 921 totius
1120 855 1241 922 hiemis
1258 856 1332 920 nol—

269 964 340 1028 lum
360 973 498 1048 tempus
517 962 776 1028 intermiserunt
795 969 880 1046 quin
899 969 994 1028 trens
1015 963 1178 1029 Rhenum
1199 964 1334 1049 legotos

234 1093 247 1142 5
266 1073 454 1150 mitterent,
472 1071 628 1137 civitetes
645 1071 878 1150 sollicitorent,
897 1071 1061 1156 pecunias
1079 1072 1333 1157 pollicerentur,

267 1187 396 1267 megne
410 1191 507 1267 parte
522 1181 696 1248 exercitos
712 1187 821 1246 nostri
838 1181 1018 1248 interfecte
1034 1181 1145 1247 multo
1162 1182 1333 1248 minorem

268 1311 446 1374 superesse
467 1290 621 1357 dicerent
642 1301 786 1376 partem.
837 1290 962 1374 Neque
983 1300 1100 1356 tamen
1122 1291 1181 1355 olli
1203 1290 1334 1357 civiteti

269 1399 524 1466 Germenorum
548 1399 746 1483 persuederi
770 1399 884 1483 potuit
909 1410 947 1464 ut
974 1399 1136 1466 Rhenum
1161 1405 1332 1478 transiret,

268 1529 348 1574 cum
363 1514 400 1574 se
414 1509 467 1574 bis
483 1514 646 1593 expertos
663 1508 827 1586 dicerent,
844 1508 1012 1573 Ariovisti
1028 1508 1118 1574 bello
1136 1520 1170 1575 et
1186 1507 1333 1575 Tencte-

218 1643 249 1678 10
268 1624 386 1683 rorum
408 1618 569 1683 tronsito:
592 1623 662 1682 non
684 1639 758 1682 esse
778 1617 926 1702 amplius
948 1617 1123 1682 lortonam
1145 1624 1333 1701 temptato-

268 1733 334 1793 ros
377 1727 455 1793 Hoc
472 1733 533 1812 spe
549 1728 665 1813 lepsus
681 1726 941 1793 Indotiomarus
958 1726 1065 1791 nihilo
1083 1726 1197 1791 minus
1214 1726 1332 1811 copies

267 1842 404 1921 cogere,
421 1841 593 1914 exercere,
607 1841 627 1902 e
643 1836 797 1902 linitimis
813 1842 922 1920 equos
938 1841 1069 1919 parere,
1084 1836 1222 1901 exsules
1237 1836 1332 1901 dam-

268 1952 438 2030 netosque
465 1953 540 2012 toto
568 1945 677 2012 Gallie
704 1952 840 2031 megnis
867 1946 1027 2029 praemiis
1053 1945 1096 2010 ad
1123 1951 1160 2010 se
1185 1944 1332 2012 adlicere

267 2054 392 2140 coepit.
441 2040 495 2121 Ᾱο
510 2064 642 2120 tantam
657 2055 721 2120 sibi
737 2055 805 2119 iam
821 2053 873 2118 his
889 2055 991 2119 rebus
1007 2054 1041 2118 in
1059 2052 1169 2120 Gallie
1184 2053 1331 2119 auctori-

217 2171 374 2243 :etatem
388 2169 659 2247 compareverat,
674 2173 712 2228 ut
725 2162 878 2246 undique
891 2162 934 2228 ad
949 2183 1029 2229 eum
1043 2163 1237 2247 legetiones
1250 2185 1331 2228 con-

266 2283 453 2350 currerent,
468 2272 616 2358 gretiam
630 2281 734 2354 atque
747 2270 934 2336 amicitiam
949 2271 1086 2354 publice
1101 2271 1332 2356 privetimque

267 2392 433 2468 peterent.

310 2532 358 2586 He
369 2532 459 2602 plant
470 2538 499 2586 to
510 2532 610 2586 attach
621 2532 772 2595 Labienus,
785 2534 858 2587 wr'th
871 2533 920 2586 the
930 2532 996 2602 help
1007 2533 1043 2604 os
1056 2532 1171 2586 several
1184 2532 1277 2587 tribes.

205 2658 248 2742 56
337 2642 407 2708 Ubi
425 2642 594 2709 intellexit
612 2643 704 2708 ultro
721 2642 763 2708 ad
782 2649 818 2708 se
836 2649 954 2718 veniri,
971 2641 1078 2707 altere
1095 2665 1139 2707 ex
1158 2653 1253 2726 parte
1272 2642 1331 2709 Se-

265 2757 374 2816 nones
389 2751 627 2835 Carnutesque
641 2751 852 2817 conscientie
866 2751 1027 2816 tacinoris
1041 2757 1211 2835 instigeri,
1226 2752 1332 2818 altere

215 2895 247 2950 ²0.
269 2859 416 2926 Nervios
439 2859 705 2943 Atuatucosque
730 2860 857 2925 bellum
882 2859 1052 2925 Romonis
1075 2866 1195 2943 parere
1219 2881 1331 2945 neque

265 2968 328 3034 sibi
344 2969 623 3034 volunteriorum
640 2969 757 3052 copies
773 2967 901 3046 defore,
919 2975 946 3035 si
962 2991 1006 3034 ex
1023 2968 1149 3034 linibus
1165 2975 1235 3036 suis
1251 2976 1329 3053 pro-

264 3075 363 3161 gredi
376 3076 557 3159 coepisset,
570 3083 743 3141 armotum
757 3076 943 3142 concilium
958 3076 1086 3143 indicit.
1139 3078 1219 3143 Hoc
1234 3085 1331 3144 more

267 3186 445 3253 Gallorum
468 3195 519 3250 est
541 3184 677 3249 initium
699 3185 793 3264 belli;
815 3191 886 3268 quo
908 3186 985 3269 lege
1007 3193 1186 3251 commoni
1209 3192 1330 3252 omnes

265 3296 411 3380 poberes
428 3301 553 3363 armeti
569 3301 755 3361 convenire
773 3301 964 3380 coguntur;
981 3302 1040 3379 qui
1058 3318 1102 3361 ex
1120 3303 1168 3362 eis
1186 3295 1329 3361 novissi-

214 3437 244 3487 ²5
264 3426 341 3469 mus
359 3404 463 3482 venit,
481 3403 516 3469 in
535 3409 724 3487 conspecto
743 3403 974 3469 multitudinis
993 3404 1156 3470 omnibus
1175 3404 1331 3469 crucieti-

266 3515 330 3581 bus
355 3514 511 3579 adlectus
537 3519 689 3578 necetur.
741 3513 781 3577 ln
809 3519 851 3578 eo
879 3513 1027 3578 concilio
1056 3512 1329 3598 Cingetorigem,

265 3623 403 3689 alterius
423 3621 615 3705 principem
634 3621 804 3700 factionis,
825 3642 994 3706 generum
1016 3643 1129 3700 suum,
1151 3642 1254 3706 quem
1275 3642 1331 3686 su·

266 3738 326 3815 pre
341 3729 656 3796 demonstrevimus
672 3730 827 3796 Caesaris
843 3735 1001 3795 secotum
1020 3730 1124 3795 fidem
1141 3733 1183 3796 ab
1200 3737 1242 3796 eo
1259 3737 1330 3798 non

264 3839 468 3917 discessisse,
485 3840 623 3905 hostem
639 3838 767 3904 iodicat
783 3839 944 3923 bonaque
961 3838 1034 3905 eius
1051 3839 1213 3923 poblicat.
1264 3839 1330 3906 His

215 3979 247 4028 30
266 3949 368 4015 rebus
389 3949 556 4015 confectis
578 3947 612 4012 in
634 3947 782 4013 concilio
804 3947 1006 4033 pronuntiat
1027 3953 1230 4014 arcessitum
1252 3954 1289 4014 se
1310 3953 1331 4014 e
