3044 4442
518 337 634 389 mser<
662 338 710 390 ιν.
737 338 821 390 cnr.
848 337 959 405 28—31.
1234 355 1277 418 99

165 548 172 563 ·
203 515 278 595 bus,
300 522 436 582 ancoris
458 515 666 600 reliquisque
687 523 911 583 armamentis
931 514 1155 582 amissis-ad
1178 512 1272 579 navi-

206 625 360 712 gandum
388 624 537 704 inutiles
565 632 704 711 magna,
733 626 766 691 id
795 626 891 710 quod
919 645 1058 691 necesse
1084 635 1157 690 erat
1184 622 1271 688 acci·

206 737 297 815 dere,
325 741 433 802 totius
461 735 635 801 exercitiis
662 735 878 819 perturbatio
905 734 994 800 iacta
1021 744 1082 799 est.
1148 731 1272 816 Neque

205 845 298 912 enim
313 851 418 911 naves
433 855 529 910 erant
544 843 640 922 aliae,
655 844 781 928 quibus
796 848 965 928 reportari
981 852 1134 927 possent,
1150 852 1184 907 et
1199 862 1273 907 om-

208 956 263 1022 nia
285 956 439 1034 deerant,
463 975 552 1040 quae
574 933 845 1020 ad'reficiendas
868 959 974 1018 naves
997 963 1094 1018 erant
1116 957 1205 1028 usui,
1228 961 1308 1038 et‚5

205 1066 300 1151 quod
328 1066 491 1132 omnibus
518 1064 700 1130 constabat
728 1063 872 1128 hiemari
900 1063 935 1127 in
964 1061 1074 1128 Gallia
1100 1067 1274 1145 oportere,

206 1175 419 1242 frumentum
438 1175 474 1240 in
493 1175 545 1240 his
565 1175 650 1240 locis
670 1173 704 1238 in
725 1173 876 1239 hiemem
896 1177 1076 1257 provisum
1096 1177 1169 1236 non
1188 1179 1272 1237 erat.

445 1344 504 1400 The
515 1345 636 1400 Britons
641 1345 718 1415 plan
730 1349 759 1398 to
770 1361 866 1398 renem
877 1342 1038 1399 leostt'lr‘ties.

274 1457 413 1542 Quibus
426 1457 529 1521 rebus
542 1455 693 1541 cognitis
708 1455 881 1540 principes
897 1453 1106 1532 Britanniae,
1121 1458 1181 1538 qui
1193 1463 1273 1537 post
1291 1471 1335 1538 30

205 1565 375 1651 proelium
393 1566 436 1631 ad
456 1565 638 1632 Caesarem
658 1571 904 1642 convenerant,
923 1563 1013 1630 inter
1030 1570 1067 1630 se
1086 1563 1273 1641 conlocuti,

205 1696 286 1741 cum
303 1686 336 1740 et
353 1672 488 1758 equites
505 1684 539 1739 et
557 1679 662 1739 naves
679 1684 713 1741 et
731 1674 945 1740 fulmentum
965 1672 1135 1738 Romanis
1154 1671 1274 1738 deesse
1295 1703 1326 1740 ιο

207 1783 458 1869 intellegerent,
477 1794 510 1850 et
530 1783 741 1868 paucitatem
759 1783 908 1848 militum
928 1803 973 1848 ex
991 1788 1184 1848 castrorum
1204 1780 1275 1846 exi·

207 1893 341 1979 gnitate
367 1899 770 1979 cog'nOscerent,—quae
798 1892 865 1957 hoc
893 1901 990 1956 erant
1018 1890 1122 1957 etiam
1149 1910 1276 1976 angus-

207 2004 306 2081 tiora,
331 2003 426 2089 quod
451 2003 523 2068 sine
547 2002 805 2088 impedimentis
831 2001 958 2069 Caesar
983 2001 1139 2088 legiones
1164 1993 1274 2067 trans-

206 2112 637 2197 portaverat—optimum
661 2112 752 2177 lactu
777 2133 851 2179 esse
875 2112 1063 2190 duxerunt,
1087 2111 1274 2179 rebellione

206 2221 305 2300 iacta,
321 2222 496 2288 frumento
511 2227 781 2306 commeatuque
797 2227 937 2288 nostros
951 2221 1136 2306 prohibere
1152 2232 1185 2286 et
1202 2242 1274 2287 rem
1297 2241 1325 2291 15

208 2330 242 2396 in
267 2330 418 2396 hiemem
445 2330 652 2415 producere3
677 2331 771 2415 quod
799 2330 852 2396 his
879 2336 1049 2415 superatis
1075 2341 1134 2396 aut
1160 2329 1273 2396 reditu

206 2439 399 2505 interclusis
431 2439 605 2505 neminem
638 2446 760 2524 postea
791 2440 872 2505 belli
901 2439 1071 2507 inferendi
1104 2446 1207 2507 causa
1239 2439 1274 2505 in

208 2548 421 2615 Britanniam
453 2549 680 2614 transiturum
712 2549 945 2615 confidebant.
1003 2549 1126 2633 Itaque
1158 2555 1276 2614 rursus

206 2658 446 2725 coniuratione
462 2657 553 2723 facta
568 2658 733 2742 paulitim
751 2681 796 2724 ex
812 2665 932 2726 castris
948 2657 1125 2726 discedere
1142 2669 1176 2726 et
1193 2665 1275 2725 suos

206 2769 294 2834 clam
310 2789 355 2834 ex
369 2773 464 2853 agris
480 2766 652 2834 dedocere
667 2773 868 2852 coeperunt.
1295 2785 1327 2822 20

505 2929 612 2982 Caesar
622 2931 745 2998 suspects
756 2927 836 2982 their
841 2931 975 2999 purpose.

275 3038 323 3104 At
341 3037 476 3116 Caesar,
494 3045 559 3104 etsi
575 3039 733 3126 nondum
749 3045 872 3105 eorum
889 3039 1032 3106 consilia
1048 3047 1274 3126 cognoverat,
1293 3053 1333 3120 31

207 3161 324 3214 tamen
342 3159 375 3214 et
394 3170 439 3213 ex
457 3153 584 3213 eventu
604 3148 745 3214 navium
763 3155 905 3214 suarum
923 3161 957 3214 et
976 3172 1020 3217 ex
1039 3156 1081 3216 eo
1100 3151 1195 3234 quod
1213 3151 1276 3217 ob-

207 3256 297 3322 sides
315 3255 396 3323 dare
414 3256 679 3334 intermiserant,
697 3257 771 3324 lore
790 3257 836 3335 id,
856 3259 951 3343 quod
970 3259 1105 3337 accidit,
1125 3259 1276 3344 suspica·
1320 3242 1323 3248 ’

209 3367 320 3432 bitur.
371 3366 494 3449 Itaque
519 3366 562 3432 ad
589 3373 711 3433 omnes
737 3373 837 3433 castis
862 3368 1015 3435 subsidia
1040 3369 1274 3454 comparabat.

210 3474 302 3540 Nam
322 3485 356 3541 et
376 3474 589 3541 frumentum
610 3497 654 3542 ex
675 3482 768 3563 agris
787 3477 916 3544 cotidie
936 3477 970 3543 in
991 3489 1102 3545 castra
1122 3479 1276 3546 confere-
1296 3504 1327 3554 ας

209 3584 269 3650 bat
295 3595 329 3652 et
356 3606 446 3669 quae
472 3585 676 3672 gravissime
702 3587 861 3654 adflictae
888 3599 985 3654 erant
1013 3595 1128 3667 naves
1157 3596 1276 3656 earum

209 3693 353 3760 materia
372 3705 477 3778 atque
496 3717 573 3762 aere
592 3696 635 3761 ad
656 3697 805 3780 reliquas
825 3696 1028 3764 reficiendas
1048 3701 1222 3778 utebatur,
1243 3711 1276 3767 et

210 3825 298 3888 quae
323 3805 366 3870 ad
393 3810 450 3871 eris
476 3812 652 3872 reserant
678 3812 766 3884 risui,
793 3829 836 3873 ex
863 3807 1058 3874 continenti
1084 3816 1278 3893 comparari

210 3913 361 3984 iubebat.
413 3915 536 4004 Itaque
562 3937 643 3981 curn
669 3922 809 3984 summo
836 3915 953 3986 studio
978 3923 999 3986 a
1026 3919 1192 3987 militibus
1219 3919 1277 3988 ad-
