3000 4456
474 373 591 426 mnan
619 375 640 429 1.
666 374 749 427 cnr.
776 385 890 441 33-35·
1178 387 1216 454 25

145 573 237 638 opus
253 561 354 629 esset,
371 557 446 618 seso
461 551 503 617 ad
520 573 600 618 eum
617 558 803 618 ventorum
820 550 938 629 luisse;
964 556 991 615 si
1007 549 1090 634 quid
1108 550 1163 616 ille
1179 555 1216 616 se

146 661 240 742 velit,
259 660 357 727 illum
374 661 418 727 ad
436 667 473 726 se
490 666 606 727 venire
624 667 796 746 oportere.
847 660 1031 726 Praeterea
1049 667 1086 726 so
1105 682 1217 744 neque

145 769 219 837 sine
238 768 397 837 exercito
416 769 452 835 in
471 776 529 837 eas
548 776 665 854 partes
685 769 816 836 Galliae
836 775 952 835 venire
972 769 1109 850 andare,
1132 776 1217 854 quas

144 877 273 945 Caesar
293 878 499 964 possideret,
522 898 634 962 neque
656 877 851 944 exercitum
873 877 946 944 sine
968 885 1098 964 magno
1120 901 1215 944 com-

143 993 261 1054 meato
290 999 394 1071 atque
423 987 630 1052 molimento
659 986 693 1051 in
723 991 832 1051 onum
862 987 977 1051 locum
1008 987 1248 1056 contraheres

146 1118 259 1181 posse.
309 1095 382 1163 Sibi
406 1106 524 1162 autem
548 1079 675 1160 mirum
699 1094 818 1172 vidori,
842 1095 925 1179 quid
949 1095 985 1160 in
1009 1101 1071 1161 sua
1094 1095 1215 1177 Gallia,

145 1227 251 1292 quam
275 1205 368 1271 bello
394 1205 543 1284 vicisset,
570 1215 631 1271 aut
659 1203 798 1271 Caesari
824 1214 884 1270 aut
911 1211 1057 1271 omnino
1083 1206 1216 1292 populo

147 1314 312 1380 Romano
330 1320 452 1399 negoti
470 1323 570 1380 esset.

373 1519 480 1576 Caesar
490 1519 573 1574 sends
583 1535 685 1590 envoys
695 1518 769 1572 wr'th
781 1518 830 1573 his
840 1519 984 1574 densanda

214 1647 283 1713 His
305 1653 479 1732 responsis
500 1647 545 1712 ad
568 1645 752 1712 Caesarem
776 1645 893 1711 relatis
916 1645 1043 1712 iterum
1067 1647 1110 1712 ad
1134 1669 1214 1713 eum
1231 1655 1273 1725 35

147 1753 275 1821 Caesar
304 1755 442 1841 legatos
474 1776 554 1820 cum
585 1754 639 1819 his
668 1754 843 1820 mandatis
874 1753 1002 1820 mittit:
1035 1753 1213 1839 Quoniam
1235 1783 1265 1819 ιο

144 1867 247 1927 tanto
270 1867 335 1927 suo
358 1862 548 1947 populique
572 1862 723 1929 Romani
746 1862 916 1928 beneficio
940 1862 1108 1942 adiectus,
1133 1885 1214 1929 cum

145 1968 180 2036 in
199 1970 385 2036 consulatir
404 1977 468 2037 suo
486 1977 549 2037 rex
566 1981 673 2056 atque
690 1977 822 2037 amicus
839 1977 861 2036 a
878 1977 1002 2038 senato
1021 1972 1214 2056 appellatus

142 2090 244 2157 esset,
269 2077 358 2145 hanc
381 2079 444 2145 sibi
468 2082 671 2166 populoque
696 2082 859 2148 Romano
884 2081 1035 2167 gratiam
1060 2081 1211 2161 referret,

146 2197 183 2252 ut
201 2187 236 2252 in
254 2187 481 2272 conloquium
500 2195 616 2255 venire
635 2188 801 2256 invitatus
818 2195 1022 2276 gravaretur
1040 2211 1151 2274 neque
1171 2190 1213 2255 do

142 2302 321 2363 commoni
339 2304 375 2364 re
393 2296 596 2365 discendum
615 2299 678 2365 sibi
697 2309 732 2366 et
752 2301 1040 2385 cognoscendum
1060 2307 1211 2385 putaret,
1233 2334 1261 2384 ις

145 2405 230 2472 haec
255 2427 338 2484 esse,
365 2426 453 2491 quae
478 2407 521 2473 ab
546 2413 589 2474 eo
614 2408 825 2492 postularet:
851 2415 1012 2494 primum,
1040 2416 1083 2476 ne
1108 2432 1213 2495 quam

143 2511 407 2581 multitudinem
424 2514 606 2582 hominum
622 2516 770 2601 amplius
786 2524 881 2584 trans
900 2518 1064 2585 Rhenum
1081 2519 1115 2585 in
1134 2519 1213 2586 Gal-

144 2622 224 2689 liam
243 2624 456 2702 tradoceret3
474 2624 599 2691 deinde
617 2625 765 2706 obsides,
786 2633 874 2712 quos
893 2628 1036 2696 haboret
1056 2629 1099 2695 ab
1120 2630 1213 2697 Hae-

145 2732 231 2810 duis,
263 2733 422 2799 redderet
455 2732 693 2820 Sequanisque
724 2735 944 2821 permitteret
976 2750 1016 2805 ut
1047 2746 1136 2825 quos
1166 2739 1213 2806 illi

143 2839 322 2918 haborent,
339 2841 521 2907 voluntate
536 2842 610 2908 oius
626 2844 769 2912 reddere
783 2844 849 2912 illis
864 2846 999 2926 licaret3
1015 2855 1101 2915 nove
1119 2850 1212 2915 Hae·
1231 2887 1263 2923 20

142 2948 232 3014 duos
253 2947 379 3037 inioria
399 2948 592 3030 lacesseret,
615 2957 703 3018 nove
726 2953 779 3020 his
802 2954 974 3041 sociisque
997 2963 1119 3024 eorum
1142 2958 1212 3024 bel-

143 3057 214 3122 lum
230 3056 382 3123 inferret.
888 3137 894 3146 ,

212 3164 250 3231 Si
279 3165 349 3251 [id]
379 3165 430 3233 ita
454 3167 602 3248 lecisset,
628 3168 692 3236 sibi
718 3174 920 3259 populoque
947 3175 1110 3243 Romano
1136 3199 1212 3263 per-

142 3285 285 3358 petuam
307 3275 457 3360 gratiam
479 3284 586 3363 atque
607 3280 798 3348 amicitiam
821 3304 901 3350 cum
924 3290 967 3350 eo
990 3284 1160 3366 lutoram3
1184 3293 1212 3354 si

142 3387 213 3448 non
233 3381 447 3467 impetraret,
469 3391 553 3465 soso,
575 3388 741 3472 quoniam
764 3391 813 3456 M.
837 3392 988 3458 Messala
1010 3394 1058 3459 M.
1083 3394 1209 3461 Pisone
1229 3433 1259 3483 25

143 3489 344 3558 consulibus
364 3498 506 3560 senatus
526 3495 727 3576 consuisset,
748 3504 811 3578 uti,
833 3505 1044 3586 quicumque
1064 3501 1211 3568 Galliam

140 3597 356 3681 provinciam
377 3599 564 3681 obtinoret,
587 3605 682 3688 quod
704 3609 893 3674 commodo
915 3616 963 3675 rei
984 3593 1144 3696 publicae
1163 3612 1211 3678 ia-

142 3727 218 3772 cere
245 3718 375 3793 posset,
405 3710 575 3778 Haeduos
602 3720 816 3800 ceterosque,
833 3724 964 3784 amicos
991 3723 1112 3807 populi
1141 3724 1212 3789 Ro·

143 3821 235 3881 mani
258 3817 473 3903 dolenderet,
497 3826 535 3890 sa
559 3821 790 3892 Haeduorum
814 3824 955 3896 iniorias
978 3837 1049 3895 non
1074 3833 1211 3920 neglec-

143 3929 272 3994 torum.
