3044 4442
527 359 644 412 Lmen
670 361 721 414 111.
748 361 831 416 cae.
860 360 971 415 16-18.
1244 376 1282 441 73

216 538 447 623 temptionem
466 538 615 606 Sabinus
632 545 775 618 veniret,
795 540 854 606 sed
875 539 980 606 etiam
999 546 1200 605 nostrorum
1220 545 1281 604 mi·

215 647 315 712 litum
344 647 489 713 vocibus
519 653 590 714 non
620 647 705 713 nihil
735 653 947 732 carperetur;
977 658 1180 732 tantamque
1210 653 1283 732 opi-

216 756 358 823 nionem
378 756 513 821 timoris
534 756 703 841 praebuit,
726 767 764 822 ut
786 757 854 822 iam
875 757 918 822 ad
939 756 1068 822 vallum
1091 762 1282 822 castrorum

215 864 333 930 hostos
345 865 509 932 accedere
520 865 698 932 auderent.
737 866 777 931 ld
791 866 886 932 eodo
899 873 1001 932 causo
1015 866 1172 944 iaciebat,
1186 865 1281 951 quod

216 995 296 1040 cum
314 981 412 1040 tanto
430 974 653 1041 multitidine
672 975 836 1053 hostiurn,
856 975 1057 1060 praesertim
1078 983 1120 1042 eo
1140 976 1281 1042 absente
1301 997 1315 1046 5

218 1089 277 1169 qui
299 1104 472 1149 summam
495 1083 619 1169 imperi
641 1091 786 1162 teneret,
811 1085 875 1150 nisi
897 1091 1009 1169 aequo
1033 1085 1112 1150 loco
1135 1095 1197 1151 aut
1219 1107 1281 1169 op-

219 1192 432 1277 portonitote
460 1193 574 1277 aliquo
601 1193 682 1259 dato
710 1195 827 1278 logoto
856 1194 1093 1261 dimicandum
1122 1201 1193 1261 non
1222 1216 1281 1260 ex-

214 1302 400 1368 istimabat.
500 1389 504 1396 ι

454 1407 502 1460 He
513 1407 629 1461 induces
645 1408 802 1462 Viridovix
813 1415 842 1462 to
853 1408 953 1463 attach
963 1408 1035 1463 hon.

284 1531 362 1599 Hoc
376 1532 582 1600 confirmoto
595 1535 761 1620 opinione
776 1535 911 1600 timoris
925 1536 1091 1602 idoneum
1106 1534 1280 1621 quendam
1301 1534 1341 1600 18

215 1642 392 1708 hominem
406 1653 439 1708 et
454 1642 617 1710 callidum
630 1643 770 1728 dologit,
787 1643 935 1720 Gallum,
951 1666 994 1710 ex
1010 1651 1057 1710 eis
1072 1651 1162 1728 quos
1175 1644 1282 1710 auxili
1303 1671 1333 1706 ιο

215 1758 317 1818 causo
334 1759 452 1818 secum
469 1746 627 1820 habebat.
670 1753 765 1818 Huic
783 1760 919 1839 mognis
937 1754 1097 1839 praemiis
1114 1754 1281 1840 pollicito-

214 1861 437 1948 tionibusque
461 1863 647 1947 persuodet
672 1869 726 1928 uti
749 1863 792 1928 ad
817 1863 938 1928 hostes
962 1868 1114 1929 trinseat
1140 1875 1174 1930 et
1199 1861 1281 1948 quid

216 1971 289 2038 fieri
311 1972 393 2038 velit
414 1972 548 2039 edocet.
597 1972 669 2057 Qui
692 1971 750 2038 ubi
774 1979 837 2057 pro
860 1972 1006 2057 perlugo
1027 1972 1070 2038 ad
1092 1973 1278 2050 eosvenit,

214 2081 377 2148 timorem
398 2083 643 2148 Romonorum
665 2082 846 2167 proponit;
869 2082 995 2167 quibus
1016 2082 1186 2168 angustiis
1207 2082 1280 2166 ipse

215 2191 341 2258 Caesar
355 2198 374 2258 o
389 2191 535 2258 Venetis
550 2198 729 2276 premitur
743 2191 861 2270 doeet;
878 2214 991 2276 neque
1007 2191 1147 2278 longius
1162 2192 1280 2258 abesse
1301 2216 1330 2266 15

214 2308 298 2386 quin
315 2301 476 2386 proximo
492 2313 596 2368 nocte
614 2301 763 2369 Sabinus
782 2302 869 2368 clam
888 2324 931 2368 ex
950 2308 1070 2368 castris
1088 2302 1280 2368 exercitum

216 2409 339 2476 odocat
365 2421 399 2477 et
424 2411 467 2476 ad
495 2410 678 2477 Caesarem
706 2411 813 2477 auxili
839 2410 971 2476 ferendi
998 2417 1101 2476 causo
1127 2409 1279 2495 proficis-

215 2526 321 2587 cotur.
367 2518 475 2606 Quod
496 2519 555 2586 ubi
575 2520 734 2586 auditum
755 2529 818 2597 est,
839 2521 1058 2586 conclamant
1081 2526 1202 2586 omnes
1223 2542 1280 2586 oc-

216 2631 391 2696 cosionem
416 2635 539 2716 negoti
560 2629 649 2696 bene
673 2629 818 2715 gerendi
841 2629 1070 2696 omittendam
1094 2635 1166 2696 non
1191 2651 1279 2709 esse;

215 2740 257 2806 ad
277 2750 387 2806 castra
405 2746 447 2804 iri
467 2745 640 2824 oportere.
1299 2766 1332 2804 πο

286 2850 419 2915 Multae
444 2854 499 2915 ros
523 2848 566 2914 ad
591 2849 658 2914 hoc
683 2848 867 2914 consilium
893 2847 1010 2916 Gallos
1036 2848 1279 2928 hortobantur;

215 2959 432 3043 superiorum
462 2956 598 3024 diorum
629 2956 749 3025 Sabini
780 2958 969 3035 cunctotio
1002 2957 1167 3043 perfugae
1198 2964 1279 3024 con-

216 3066 377 3144 firmotio,
404 3064 522 3150 inopia
547 3066 767 3144 cibariorum,
794 3067 849 3132 eui
875 3073 925 3132 rei
948 3088 1070 3150 parum
1096 3066 1281 3152 diligenter

215 3177 258 3243 ab
278 3183 326 3243 eis
345 3186 417 3242 erat
437 3180 627 3260 provisum,
648 3182 727 3260 spes
746 3175 908 3242 Venetici
926 3175 1017 3253 belli,
1038 3186 1072 3241 et
1094 3173 1189 3259 quod
1210 3173 1280 3242 lero

216 3285 360 3352 libenter
381 3284 540 3350 hominos
562 3284 596 3349 id
620 3284 715 3370 quod
738 3286 860 3350 volunt
883 3285 1038 3351 crodunt.
1088 3285 1156 3351 His
1178 3285 1280 3352 robus
1299 3310 1329 3360 25

215 3394 357 3460 adducti
380 3401 451 3459 non
477 3393 571 3479 prius
595 3393 834 3460 Viridovicem
860 3394 1081 3479 reliquosque
1106 3394 1212 3461 ducos
1235 3417 1280 3459 ex

216 3502 364 3569 concilio
388 3501 579 3580 dimittunt,
605 3524 710 3587 quam
734 3503 777 3569 ab
803 3509 851 3569 eis
876 3504 919 3568 sit
945 3525 1161 3582 concessum,
1186 3524 1281 3569 arma

215 3617 266 3677 uti
284 3610 421 3696 capiant
441 3622 476 3677 et
495 3610 537 3676 ad
557 3622 669 3678 castra
688 3612 911 3678 contendant.
959 3613 1040 3698 Quo
1060 3619 1096 3679 ro
1117 3620 1281 3678 concesso

215 3719 294 3786 laeti
314 3731 353 3786 ut
375 3722 557 3805 exploroto
577 3720 733 3798 victorio,
756 3728 938 3787 sarmentis
960 3721 1190 3806 virgultisque
1212 3721 1282 3786 col-

214 3829 321 3908 lectis,
341 3829 467 3915 quibus
486 3829 595 3896 fossos
616 3831 859 3897 Romonorum
879 3832 1087 3916 compleant,
1107 3832 1150 3898 ad
1170 3841 1280 3898 castra
1299 3865 1331 3913 30

214 3949 375 4025 pergunt.
