3000 4456
482 369 598 420 Lmrn
626 369 660 424 rr.
688 370 771 423 cnr.
797 381 909 437 22-25.

266 607 325 661 The
335 609 476 661 situation
489 597 518 659 is
527 607 686 678 alarmttrg,
700 609 764 660 and
772 609 821 660 the
836 609 863 662 T
859 611 958 662 reveri
967 611 1000 663 iu
1012 626 1031 662 a
1038 611 1132 679 panic

583 694 677 748 desert
689 697 804 750 Caesar.

233 804 368 870 Eedem
391 816 550 889 tempore
571 803 707 888 equites
729 812 839 871 nostri
860 805 1012 891 levisque
1032 813 1229 874 armeterae
1246 824 1289 892 24

161 913 308 1000 pedites,
329 920 388 998 qui
408 935 487 978 cum
507 920 556 978 eis
575 919 644 979 ene
663 913 810 994 fuerant,
831 922 920 1000 ques
940 922 1052 1000 prime
1073 915 1229 982 hostium

162 1024 298 1107 impete
322 1023 441 1107 pulses
466 1023 632 1100 dixeram,
658 1044 739 1088 cum
765 1030 801 1090 se
826 1023 860 1089 in
885 1035 999 1090 castra
1024 1025 1228 1109 reciperent,

162 1132 315 1200 adversis
337 1131 498 1198 hostibus
520 1132 750 1198 occurrebant
774 1139 814 1199 ec
836 1139 954 1199 sersus
975 1133 1077 1200 aliam
1098 1133 1132 1199 in
1154 1156 1229 1219 par-

161 1255 233 1309 tem
263 1241 383 1327 lugam
413 1243 597 1326 petebant;
628 1252 663 1308 et
695 1243 843 1322 celenes,
876 1249 935 1328 qui
964 1244 1007 1310 ab
1038 1244 1262 1318 desumenes

162 1357 267 1436 porte
291 1357 331 1417 ec
357 1358 495 1417 summe
521 1350 606 1437 iuge
632 1351 729 1418 collis
755 1359 897 1418 nostres
924 1352 1075 1419 victeres
1101 1354 1230 1419 flemen

164 1467 327 1527 trensisse
351 1466 617 1545 censpexerant,
644 1461 832 1545 praedandi
856 1468 960 1528 cause
984 1467 1124 1547 egressi,
1149 1483 1230 1528 cum

160 1570 394 1655 respexissent
407 1580 440 1636 et
455 1571 573 1636 hostes
587 1570 622 1635 in
636 1577 763 1636 nostris
776 1577 896 1636 castris
910 1577 1037 1637 verseri
1052 1570 1229 1648 vidissent,

162 1677 370 1764 praecipites
393 1677 496 1763 lugae
519 1685 594 1745 sese
616 1679 841 1745 mandebant.
890 1679 1002 1746 Simul
1025 1686 1147 1746 eerum
1170 1687 1230 1765 qui

161 1810 242 1855 cum
259 1789 519 1873 impedimentis
537 1789 723 1854 veniebant
744 1789 876 1855 clemor
895 1788 1122 1873 fremitusque
1142 1788 1230 1856 orie·
1250 1816 1281 1854 ιο

161 1899 275 1975 betur,
294 1897 419 1982 aliique
436 1896 538 1963 aliam
556 1897 590 1962 in
609 1908 745 1982 partem
764 1897 937 1982 perterriti
955 1897 1164 1963 ferebantur.

231 2007 370 2092 Quibus
401 2007 564 2074 omnibus
595 2008 698 2073 rebus
730 2013 881 2092 permeti
913 2005 1046 2092 equites
1077 2006 1228 2085 Treveri,

161 2123 313 2202 querum
332 2117 424 2183 inter
442 2117 561 2184 Galles
580 2117 721 2184 virtetis
741 2115 862 2202 opinie
882 2128 934 2182 est
955 2115 1149 2203 singularis,
1171 2122 1230 2201 qui

160 2228 268 2294 auxili
296 2234 400 2294 cause
428 2234 448 2294 e
476 2228 614 2294 civitete
644 2227 739 2294 missi
767 2227 810 2292 ad
841 2225 1023 2293 Caesarem
1053 2231 1229 2302 venerant,

160 2360 241 2405 cum
271 2337 497 2404 multitedine
526 2338 683 2404 hostium
712 2348 827 2405 castra
861 2337 1016 2422 [nostra]
1051 2338 1228 2422 compleri,
1250 2360 1278 2410 15

161 2449 318 2535 legienes
339 2455 448 2534 premi
470 2458 505 2514 et
527 2469 636 2534 paene
658 2448 914 2516 circumventes
936 2455 1055 2528 teneri,
1079 2448 1228 2526 celeneS,

161 2559 308 2646 equiteS,
338 2559 543 2639 lunditereS,
574 2559 746 2625 Numidis
774 2557 947 2643 disperses
975 2557 1230 2642 dissipetesque

160 2669 196 2734 in
213 2675 337 2750 omnes
352 2675 469 2754 partes
486 2667 606 2754 lugere
624 2667 802 2745 vidissent,
822 2667 1013 2752 desperetis
1031 2673 1161 2732 nostris
1179 2672 1230 2732 re-

162 2780 228 2846 bus
255 2778 402 2845 domum
428 2779 688 2844 contenderunt
697 2799 705 2855 ;
734 2777 916 2843 Remenes
943 2777 1063 2861 pulses
1090 2782 1229 2860 supere-

162 2895 298 2973 tesque,
319 2894 442 2954 castris
461 2885 788 2972 impedimentisque
809 2892 930 2952 eerum
952 2886 1073 2951 hostes
1093 2890 1229 2968 potites
1249 2911 1281 2948 πο

162 2999 295 3064 civiteti
313 2996 609 3064 renentieverunt.

320 3169 428 3223 Caesar
433 3165 533 3238 places
544 3166 665 3239 trusels
673 3172 706 3220 at
717 3165 766 3220 the
776 3165 855 3220 head
863 3167 899 3239 os
906 3165 954 3220 his
965 3170 1067 3237 troops.

232 3293 359 3362 Caesar
389 3296 432 3360 ab
466 3314 490 3359 x
524 3293 671 3380 legienis
705 3293 953 3360 cohortetiene
986 3295 1028 3359 ad
1063 3294 1229 3360 dextrum
1247 3306 1289 3375 25

161 3411 271 3472 cornis
298 3404 486 3489 proiectus,
514 3403 573 3470 ubi
601 3411 683 3470 sues
710 3409 827 3488 urgeri
854 3408 1032 3488 signisque
1058 3403 1093 3468 in
1120 3409 1230 3469 imum

161 3515 279 3581 locum
297 3515 446 3581 conletis
465 3533 523 3579 xn
542 3513 689 3599 legienis
708 3511 887 3579 cenlertes
907 3511 1036 3578 milites
1053 3511 1116 3578 sibi
1136 3510 1231 3598 ipses

162 3624 206 3690 ad
228 3630 385 3711 pegnam
408 3645 481 3690 esse
505 3622 758 3708 impedimente
782 3621 881 3700 vidit,
906 3631 1051 3707 quartae
1075 3619 1230 3687 cohortis
1249 3645 1280 3695 25

163 3733 327 3801 omnibus
361 3733 625 3801 centurienibus
660 3738 793 3805 occisis,
830 3729 996 3817 signilere
1031 3729 1229 3809 interfecte,

162 3849 265 3928 signe
282 3843 420 3922 emisse,
438 3843 648 3928 reliquerum
666 3839 865 3909 cohortium
882 3839 1046 3906 omnibus
1064 3841 1134 3906 lere
1152 3861 1231 3906 cen-

163 3953 360 4019 turienibus
384 3965 443 4020 aut
467 3954 656 4020 vulneratis
679 3961 737 4018 atrt
762 3956 895 4027 occisis,
920 3949 954 4013 in
980 3950 1032 4013 his
1057 3948 1231 4033 primipile

323 4055 339 4106 9
