3044 4442
262 326 323 390 126
647 328 761 381 BELLI
788 329 947 382 GALLlCl

258 527 325 591 que
356 506 467 571 femur
498 507 636 593 trogulo
666 506 839 586 traicitur3
871 510 915 593 Q.
950 508 1134 588 Loconius,
1167 509 1323 576 oiusdem

259 723 365 802 venit,
392 723 614 804 interficitur;
643 724 682 790 L.
712 724 819 791 Cotta
845 726 983 813 logatus
1011 733 1132 792 omnes
1158 727 1323 793 cohortos

258 832 466 920 ordinosque
480 834 671 900 adlrortons
685 834 720 899 in
736 836 919 901 adversum
935 842 974 901 os
989 835 1096 901 fundo
1111 836 1322 902 vulneratur.

540 1002 665 1056 Sabrirus
670 1003 785 1073 parleys
795 1002 869 1057 wr'th
881 1003 1045 1057 Ambrbrix.

200 1108 243 1190 36
331 1111 398 1176 His
418 1111 520 1177 robus
540 1117 720 1196 permotus
741 1113 786 1198 Q.
808 1112 975 1192 Titinius
997 1133 1076 1178 cum
1098 1112 1218 1197 procul
1238 1111 1325 1176 Am·

193 1258 198 1266 ·
261 1219 431 1304 biorigem
456 1227 537 1286 suos
561 1221 803 1287 cohortantem
828 1221 1077 1304 conspexisset,
1102 1220 1330 1304 interpretem·

260 1349 363 1393 suum
386 1328 448 1394 Cn.
474 1328 682 1413 Pompoium
704 1330 747 1394 ad
770 1351 850 1395 eum
873 1329 979 1394 mittit
1002 1335 1176 1414 rogatum,
1201 1340 1238 1394 ut
1261 1329 1324 1394 sibi

259 1437 494 1521 militibusque
513 1448 640 1522 parcat.
692 1438 753 1504 Ille
772 1438 964 1522 appellotus
983 1437 1184 1521 respondet:
1209 1437 1247 1505 Si
1269 1459 1325 1503 ve-

259 1546 297 1610 lit
315 1552 434 1611 socum
453 1546 627 1630 conloqui,
647 1546 763 1625 licore3
783 1552 920 1631 sperare
938 1552 959 1611 a
977 1546 1198 1613 multitodine
1217 1547 1325 1631 impe-

210 1679 241 1715 ro
260 1661 344 1720 trari
356 1677 457 1740 posse
470 1657 565 1740 quod
578 1657 622 1722 ad
634 1657 783 1722 militum
797 1657 945 1722 salutem
960 1656 1148 1741 pertineat;
1161 1656 1226 1742 ipsi
1240 1663 1323 1723 voro

260 1764 344 1829 nihil
362 1765 520 1831 nocitum
538 1772 588 1845 iri,
609 1765 713 1851 inque
732 1787 808 1831 eam
827 1787 899 1831 rem
920 1772 956 1831 so
976 1787 1073 1831 suam
1094 1766 1199 1831 fidem
1217 1765 1324 1833 inter-

259 1880 397 1958 ponere.
444 1875 506 1940 Ille
525 1896 605 1940 cum
625 1875 735 1941 Cotto
755 1875 873 1941 saucio
893 1874 1141 1953 commonicat,
1163 1881 1190 1940 si
1210 1875 1324 1941 videri-

259 1994 326 2061 tur,
346 1988 467 2068 pugno
487 1995 524 2049 ut
544 1985 714 2049 excedant
735 1995 769 2049 et
788 2005 868 2049 cum
889 1983 1096 2068 Ambiorige
1117 1989 1186 2050 tino
1206 1984 1324 2050 conlo-

260 2102 424 2176 quantur:
442 2098 579 2175 sporore
597 2098 633 2157 so
650 2093 693 2157 ab
711 2092 813 2158 eodo
831 2099 892 2158 suo
909 2099 949 2158 oc
967 2093 1116 2158 militum
1135 2094 1244 2159 salute
1262 2094 1324 2158 im-

210 2227 238 2276 15
259 2207 387 2286 petrori
410 2223 521 2286 posse.
570 2200 681 2267 Cotta
704 2208 740 2267 se
764 2202 807 2267 ad
830 2209 1003 2268 armotum
1027 2203 1166 2268 hostem
1191 2201 1322 2268 iturum

259 2321 364 2394 negat
380 2321 484 2393 atque
500 2309 534 2374 in
551 2316 593 2374 eo
610 2315 815 2393 perseverat.
1048 2311 1050 2316 ’

306 2481 430 2536 Sabr'nus
441 2483 468 2535 is
480 2481 690 2552 treacherously
701 2481 787 2544 slain,
801 2482 865 2535 and
873 2433 973 2554 marl}
984 2483 1031 2538 all
1039 2483 1087 2537 the
1098 2500 1183 2555 army
1193 2483 1288 2538 killed.

197 2612 241 2681 37
328 2596 477 2664 Sabinus
492 2604 580 2683 quos
595 2597 630 2663 in
646 2598 838 2682 praesentio
852 2598 1012 2665 tribonos
1028 2599 1176 2664 militum
1194 2599 1324 2664 circum

258 2714 295 2773 so
313 2708 462 2773 habobat
482 2719 517 2773 et
537 2714 728 2793 primorum
748 2709 910 2774 ordinum
929 2709 1151 2775 centuriones
1170 2716 1206 2775 so
1226 2715 1322 2794 sequi

257 2815 369 2895 iubet;
391 2826 426 2882 et
449 2838 529 2882 cum
550 2815 692 2901 propius
713 2815 956 2902 Ambiorigem
979 2817 1187 2895 accessisset,
1210 2817 1322 2882 irissus

207 2954 240 2990 20
258 2946 353 2990 arma
374 2925 508 2990 abicere
530 2925 738 3008 imperitum
760 2925 839 2989 lacit
861 2931 1000 3008 suisque
1023 2936 1061 2990 ut
1083 2925 1174 2991 idem
1197 2924 1322 2990 iaciant

258 3034 413 3117 imperat.
455 3031 609 3109 Interim,
624 3032 708 3096 dum
723 3031 766 3096 do
780 3032 1043 3098 condicionibus
1058 3033 1147 3099 inter
1162 3040 1198 3099 se
1212 3043 1322 3117 agunt

258 3141 465 3226 longiorque
492 3139 652 3205 consulto
677 3141 721 3204 ab
747 3140 954 3224 Ambiorige
979 3141 1170 3206 instituitur
1196 3147 1322 3218 sermo,

257 3249 423 3334 paulatim
443 3248 699 3313 circumventus
717 3246 931 3314 interficitur.

319 3358 411 3424 Tum
422 3363 504 3423 voro
516 3363 580 3423 suo
592 3363 689 3424 more
700 3357 884 3424 victoriam
897 3359 1117 3425 conclomant
1129 3367 1236 3444 atque
1247 3360 1323 3425 ulu-

209 3488 239 3538 ²5
257 3467 367 3532 latum
386 3464 524 3544 tollunt,
544 3464 747 3550 impetuque
766 3466 800 3531 in
819 3473 956 3533 nostros
976 3466 1069 3533 lacto
1088 3468 1227 3535 ordinos
1246 3490 1322 3552 per-

257 3575 408 3641 turbant.
452 3573 504 3639 lbi
525 3573 563 3639 L.
585 3573 691 3640 Cotta
710 3580 869 3659 pugnans
888 3575 1095 3641 interficitur
1114 3597 1193 3642 curn
1213 3577 1322 3643 moxi-

257 3689 312 3749 mo
329 3694 430 3769 parte
446 3673 606 3747 militum.
650 3681 789 3766 Reliqui
807 3689 842 3748 so
858 3683 893 3748 in
911 3695 1022 3749 castra
1041 3684 1210 3768 recipiunt
1229 3686 1321 3751 unde

256 3807 353 3861 erant
373 3801 517 3881 ogressi;
539 3818 584 3862 ex
606 3793 730 3880 quibus
754 3795 792 3862 L.
816 3794 1030 3860 Petrosidius
1051 3794 1218 3878 aquilifer,
1241 3816 1321 3861 cum

256 3910 383 3989 mognri
401 3904 623 3971 multitridine
641 3905 796 3969 hostiurn
814 3909 1036 3988 premerotur,
1056 3901 1209 3986 aquilam
1228 3902 1320 3969 intro
