3048 4444
255 330 313 408 158
633 330 748 385 BELLl
774 329 934 394 GALLlCl

252 509 417 593 progredi
441 509 595 594 longius;
620 511 691 588 sed,
716 517 759 576 ne
783 516 927 576 omnini)
951 520 1085 575 metum
1109 507 1240 574 reditirs
1265 514 1318 573 sui

251 616 404 682 barbaris
427 619 573 696 tolleret,
597 629 702 703 atque
724 629 763 685 ut
785 625 909 685 ebrum
930 617 1058 685 auxilia
1080 618 1243 695 tardaret,
1267 638 1318 682 re·

251 725 358 792 ducto
371 727 526 793 exercitii
539 740 672 813 partem
686 727 844 794 ultimam
858 727 985 813 pontis,
999 749 1088 813 quae
1102 733 1193 812 ripas
1208 726 1318 794 Ubii)-

252 856 329 901 rum
347 836 585 921 contingebat,
604 837 638 902 in
657 836 914 923 longitudinem
933 837 1062 921 pedum
1083 855 1125 903 cc
1144 837 1317 916 rescindit,

219 965 233 1014 s
251 955 354 1029 atque
370 931 409 1009 in'
419 951 579 1011 extremo
595 957 703 1030 ponte
717 945 1093 1026 turrim-tabulatorum
1110 966 1173 1012 1111
1190 947 1318 1013 consti·

251 1052 317 1118 tuit
338 1053 616 1138 praesidiumque
637 1055 836 1120 cohortium
857 1074 914 1119 ΧΠ
936 1055 1053 1139 pontis
1074 1055 1194 1122 tuendi
1215 1063 1318 1122 causa

251 1161 348 1245 ponit
367 1167 573 1247 maignisque
593 1184 673 1229 eum
692 1164 809 1228 locum
828 1163 1082 1230 munitionibus
1101 1164 1225 1230 firmat.
1275 1165 1318 1229 Ei

251 1271 329 1335 loco
350 1270 589 1355 praesidioque
611 1270 648 1337 C.
672 1271 878 1337 Volcacium
899 1271 1040 1338 Tullum
1061 1272 1318 1339 adulescentem

250 1378 413 1463 praeficit.

202 1512 233 1548 ιο
321 1489 410 1572 lpse,
429 1511 508 1555 cum
526 1496 758 1558 maturescere
775 1492 950 1559 frumenta
967 1492 1168 1578 inciperent,
1186 1493 1229 1558 ad
1248 1493 1318 1559 bel-

250 1599 320 1663 lum
334 1599 551 1686 Ambiorigis
564 1600 751 1684 proiectus,
766 1623 828 1687 per
841 1602 1068 1668 Arduennam
1083 1602 1214 1680 silvam,
1229 1623 1318 1687 quae

251 1718 302 1772 est
319 1715 427 1773 tritius
445 1707 574 1775 Galliae
592 1711 746 1776 maxima
762 1723 867 1796 atque
883 1713 926 1777 ab
944 1718 1027 1797 ripis
1045 1712 1160 1777 Rheni
1176 1711 1318 1776 finibus-

250 1839 318 1901 que
340 1818 574 1884 Treverorum
598 1820 641 1884 ad
667 1819 817 1886 Nervios
840 1821 990 1906 pertinet
1014 1820 1221 1905 milibusque
1245 1842 1317 1886 am-

250 1927 339 2012 plius
362 1947 386 1992 D
409 1927 444 1992 in
467 1927 724 2014 longitudinem
747 1940 853 2013 patet,
878 1929 917 1994 L.
943 1929 1139 1996 Minucium
1164 1930 1316 1995 Basilum

201 2060 231 2108 15
250 2059 330 2104 cum
346 2045 443 2104 omni
459 2039 617 2122 equitatu
633 2039 834 2123 praemittit,
852 2045 880 2105 si
897 2037 980 2122 quid
997 2039 1171 2106 celeritate
1187 2038 1317 2104 itineris

249 2158 354 2233 atque
379 2148 642 2232 opportunitate
666 2148 844 2232 temporis¹
857 2148 1025 2233 proficere
1049 2143 1317 2233 possit;‘monet

251 2270 288 2323 ut
304 2264 403 2343 ignes
421 2258 454 2322 in
473 2265 592 2323 castris
609 2257 683 2324 fieri
700 2257 894 2342 prohibeat,
912 2264 955 2322 ne
972 2279 1041 2341 qua
1057 2257 1130 2323 eius
1147 2257 1317 2323 adventus

250 2367 370 2451 procul
395 2366 604 2451 significatio
628 2367 703 2445 bat;
729 2373 804 2432 sese
827 2366 1010 2432 confestim
1034 2367 1198 2451 subsequi
1223 2366 1315 2432 dicit.

513 2545 515 2550 ,
565 2573 664 2644 Lucky
675 2578 773 2644 escape
783 2574 819 2644 ιγ’
833 2572 996 2629 Ambnrnc.

191 2730 234 2795 30
323 2706 455 2772 Basilus
481 2716 517 2770 ut
543 2705 751 2788 imperatum
776 2713 827 2768 est
852 2701 941 2767 lacit.
992 2700 1158 2768 Celeriter
1181 2707 1318 2767 contra·

200 2835 232 2872 20
251 2836 318 2900 que
332 2815 489 2880 omnium
504 2813 706 2898 opinionem
720 2811 881 2877 conlecto
896 2810 1018 2876 itinere
1033 2811 1161 2875 multos
1176 2809 1210 2874 in
1226 2815 1318 2894 agris

250 2923 468 3008 inopinantes
487 2921 730 3005 deprehendit;
748 2927 870 2986 eorum
889 2919 1017 2985 indicio
1036 2920 1079 2985 ad
1098 2919 1212 3004 ipsum
1231 2920 1315 2984 Am-

250 3034 422 3117 biorigem
443 3031 634 3108 contendit,
655 3036 726 3114 qui)
747 3030 782 3095 in
803 3030 881 3096 loci)
903 3050 982 3095 cum
1005 3035 1123 3113 paucis
1143 3027 1317 3113 equitibus

250 3165 324 3208 esse
347 3143 535 3207 dicebatur.
587 3141 741 3206 Multum
766 3161 845 3206 cum
870 3140 904 3205 in
928 3138 1092 3205 omnibus
1116 3139 1218 3203 rebus
1242 3149 1317 3204 tum

251 3251 285 3316 in
312 3257 348 3317 re
375 3250 513 3316 militari
539 3261 654 3334 potest
682 3249 835 3329 lortirna;
862 3270 942 3314 nam
970 3259 1007 3313 ut
1035 3253 1166 3332 magno
1194 3245 1317 3312 accidit

201 3379 231 3428 25
251 3366 343 3436 casu,
361 3370 398 3425 ut
417 3359 451 3424 in
469 3359 582 3443 ipsum
600 3359 778 3425 incautum
797 3359 900 3424 etiam
919 3369 1023 3441 atque
1041 3357 1249 3440 imparatum
1268 3350 1317 3419 in-

250 3469 389 3548 cideret,
407 3469 570 3554 priusque
588 3469 661 3535 eius
675 3459 848 3535 ¹adventus
864 3468 908 3534 ab
926 3466 1126 3532 hominibus
1143 3465 1319 3530 videretur

251 3591 354 3663 quam
375 3579 465 3645 laima
484 3585 524 3645 {tc
545 3578 687 3645 mintius
706 3579 907 3655 adferretur,
927 3582 976 3643 sic
996 3582 1144 3660 magnae
1165 3573 1230 3640 luit
1250 3573 1319 3639 ior-

251 3695 365 3766 timae,
382 3694 478 3755 omni
492 3688 631 3753 militari
645 3692 889 3761 instrumento,
906 3685 1001 3767 quod
1017 3684 1148 3751 circum
1164 3691 1200 3750 se
1215 3684 1319 3749 habe-

250 3799 308 3863 bat
329 3803 462 3881 erepto,
483 3795 594 3860 raedis
615 3801 781 3879 equisque
802 3793 1073 3878 comprehensis,
1095 3792 1210 3878 ipsum
1232 3791 1319 3859 effu-

201 3927 233 3976 ³o
251 3929 333 3992 gere
351 3915 511 3971 mortem.
562 3901 631 3969 Sed
646 3903 714 3968 hoc
730 3901 860 3968 iactum
877 3913 939 3979 est,
957 3902 1063 3986 quod,
1080 3902 1239 3968 aedilicio
1256 3901 1321 3968 cir-
