<?xml version="1.0" encoding="UTF-8"?>
<!DOCTYPE html PUBLIC "-//W3C//DTD XHTML 1.0 Transitional//EN"
    "http://www.w3.org/TR/xhtml1/DTD/xhtml1-transitional.dtd">
<html xmlns="http://www.w3.org/1999/xhtml" xml:lang="en" lang="en">
 <head>
  <title>
</title>
<meta http-equiv="Content-Type" content="text/html;charset=utf-8" />
  <meta name='ocr-system' content='tesseract 3.04.00' />
  <meta name='ocr-capabilities' content='ocr_page ocr_carea ocr_par ocr_line ocrx_word'/>
</head>
<body>
  <div class='ocr_page' id='page_1' title='image "./civlicaesarisde00westgoog_0230.png"; bbox 0 0 3044 4442; ppageno 0'>
   <div class='ocr_carea' id='block_1_1' title="bbox 269 368 953 430">
    <p class='ocr_par' dir='ltr' id='par_1_1' title="bbox 269 368 953 430">
     <span class='ocr_line' id='line_1_1' title="bbox 269 368 953 430; baseline -0.001 -10"><span class='ocrx_word' id='word_1_1' title='bbox 269 384 326 430; x_wconf 87' lang='lat'>122</span> <span class='ocrx_word' id='word_1_2' title='bbox 656 368 769 420; x_wconf 89' lang='lat' dir='ltr'>BELLI</span> <span class='ocrx_word' id='word_1_3' title='bbox 795 368 953 420; x_wconf 84' lang='lat' dir='ltr'>GALLICI</span> 
     </span>
    </p>
   </div>
   <div class='ocr_carea' id='block_1_2' title="bbox 265 543 1424 629">
    <p class='ocr_par' dir='ltr' id='par_1_2' title="bbox 265 543 1424 629">
     <span class='ocr_line' id='line_1_2' title="bbox 265 543 1424 629; baseline -0.002 -19"><span class='ocrx_word' id='word_1_4' title='bbox 265 545 513 611; x_wconf 77' lang='lat' dir='ltr'>discedendum</span> <span class='ocrx_word' id='word_1_5' title='bbox 548 544 808 625; x_wconf 76' lang='lat' dir='ltr'>existimobant;</span> <span class='ocrx_word' id='word_1_6' title='bbox 842 550 1040 629; x_wconf 86' lang='lat' dir='ltr'>quantasvis</span> <span class='ocrx_word' id='word_1_7' title='bbox 1073 543 1192 628; x_wconf 81' lang='lat' dir='ltr'>copias</span> <span class='ocrx_word' id='word_1_8' title='bbox 1226 544 1331 610; x_wconf 91' lang='lat' dir='ltr'>etiam</span> <span class='ocrx_word' id='word_1_9' title='bbox 1421 556 1424 561; x_wconf 83' lang='grc'><strong>’</strong></span> 
     </span>
    </p>
   </div>
   <div class='ocr_carea' id='block_1_3' title="bbox 233 653 1330 1391">
    <p class='ocr_par' dir='ltr' id='par_1_3' title="bbox 265 653 1330 957">
     <span class='ocr_line' id='line_1_3' title="bbox 265 653 1330 737; baseline 0.001 -18"><span class='ocrx_word' id='word_1_10' title='bbox 265 653 521 720; x_wconf 78' lang='lat' dir='ltr'>Germanorum</span> <span class='ocrx_word' id='word_1_11' title='bbox 551 653 711 718; x_wconf 78' lang='lat' dir='ltr'>sustineri</span> <span class='ocrx_word' id='word_1_12' title='bbox 742 674 844 737; x_wconf 86' lang='lat' dir='ltr'>posse</span> <span class='ocrx_word' id='word_1_13' title='bbox 875 659 1017 717; x_wconf 84' lang='lat' dir='ltr'>monitis</span> <span class='ocrx_word' id='word_1_14' title='bbox 1047 653 1199 718; x_wconf 91' lang='lat' dir='ltr'>hibernis</span> <span class='ocrx_word' id='word_1_15' title='bbox 1228 653 1330 720; x_wconf 77' lang='lat' dir='ltr'>doco-</span> 
     </span>
     <span class='ocr_line' id='line_1_4' title="bbox 266 761 1330 846; baseline 0 -18"><span class='ocrx_word' id='word_1_16' title='bbox 266 764 363 840; x_wconf 88' lang='lat' dir='ltr'>bant;</span> <span class='ocrx_word' id='word_1_17' title='bbox 384 784 456 828; x_wconf 90' lang='lat' dir='ltr'>rem</span> <span class='ocrx_word' id='word_1_18' title='bbox 477 783 550 828; x_wconf 90' lang='lat' dir='ltr'>esse</span> <span class='ocrx_word' id='word_1_19' title='bbox 570 761 783 838; x_wconf 88' lang='lat' dir='ltr'>testimonio,</span> <span class='ocrx_word' id='word_1_20' title='bbox 804 762 899 845; x_wconf 90' lang='lat' dir='ltr'>quod</span> <span class='ocrx_word' id='word_1_21' title='bbox 922 767 1073 846; x_wconf 90' lang='lat' dir='ltr'>primum</span> <span class='ocrx_word' id='word_1_22' title='bbox 1093 763 1246 840; x_wconf 83' lang='lat' dir='ltr'>hostium</span> <span class='ocrx_word' id='word_1_23' title='bbox 1268 764 1330 829; x_wconf 84' lang='lat' dir='ltr'>inr-</span> 
     </span>
     <span class='ocr_line' id='line_1_5' title="bbox 266 871 1328 957; baseline 0.003 -20"><span class='ocrx_word' id='word_1_24' title='bbox 266 883 387 957; x_wconf 90' lang='lat' dir='ltr'>petum</span> <span class='ocrx_word' id='word_1_25' title='bbox 408 872 528 937; x_wconf 88' lang='lat' dir='ltr'>multis</span> <span class='ocrx_word' id='word_1_26' title='bbox 548 871 640 936; x_wconf 88' lang='lat' dir='ltr'>ultro</span> <span class='ocrx_word' id='word_1_27' title='bbox 661 871 859 936; x_wconf 88' lang='lat' dir='ltr'>vulneribus</span> <span class='ocrx_word' id='word_1_28' title='bbox 881 871 997 936; x_wconf 79' lang='lat' dir='ltr'>inlotis</span> <span class='ocrx_word' id='word_1_29' title='bbox 1018 871 1205 938; x_wconf 74' lang='lat' dir='ltr'>fortissimo</span> <span class='ocrx_word' id='word_1_30' title='bbox 1227 874 1328 940; x_wconf 89' lang='lat' dir='ltr'>susti-</span> 
     </span>
    </p>

    <p class='ocr_par' dir='ltr' id='par_1_4' title="bbox 233 979 1330 1391">
     <span class='ocr_line' id='line_1_6' title="bbox 233 979 1330 1069; baseline 0.003 -24"><span class='ocrx_word' id='word_1_31' title='bbox 233 1004 246 1053; x_wconf 78' lang='grc' dir='ltr'>ς</span> <span class='ocrx_word' id='word_1_32' title='bbox 265 979 418 1060; x_wconf 88' lang='lat' dir='ltr'>nuerint;</span> <span class='ocrx_word' id='word_1_33' title='bbox 434 987 470 1046; x_wconf 78' lang='lat' dir='ltr'>re</span> <span class='ocrx_word' id='word_1_34' title='bbox 485 979 712 1046; x_wconf 75' lang='lat' dir='ltr'>fromentada</span> <span class='ocrx_word' id='word_1_35' title='bbox 727 986 798 1046; x_wconf 92' lang='lat' dir='ltr'>non</span> <span class='ocrx_word' id='word_1_36' title='bbox 814 986 938 1065; x_wconf 88' lang='lat' dir='ltr'>premi;</span> <span class='ocrx_word' id='word_1_37' title='bbox 953 979 1087 1046; x_wconf 77' lang='lat' dir='ltr'>interea</span> <span class='ocrx_word' id='word_1_38' title='bbox 1101 992 1136 1048; x_wconf 93' lang='lat' dir='ltr'>et</span> <span class='ocrx_word' id='word_1_39' title='bbox 1154 1005 1198 1048; x_wconf 88' lang='lat' dir='ltr'>ex</span> <span class='ocrx_word' id='word_1_40' title='bbox 1214 983 1330 1069; x_wconf 86' lang='lat' dir='ltr'>proxi-</span> 
     </span>
     <span class='ocr_line' id='line_1_7' title="bbox 265 1088 1329 1174; baseline 0.003 -21"><span class='ocrx_word' id='word_1_41' title='bbox 265 1095 330 1153; x_wconf 93' lang='lat' dir='ltr'>mis</span> <span class='ocrx_word' id='word_1_42' title='bbox 349 1089 500 1155; x_wconf 92' lang='lat' dir='ltr'>hibernis</span> <span class='ocrx_word' id='word_1_43' title='bbox 519 1099 553 1154; x_wconf 89' lang='lat' dir='ltr'>et</span> <span class='ocrx_word' id='word_1_44' title='bbox 572 1095 592 1154; x_wconf 80' lang='lat' dir='ltr'>o</span> <span class='ocrx_word' id='word_1_45' title='bbox 612 1088 758 1154; x_wconf 86' lang='lat' dir='ltr'>Caesare</span> <span class='ocrx_word' id='word_1_46' title='bbox 778 1094 993 1154; x_wconf 84' lang='lat' dir='ltr'>conventora</span> <span class='ocrx_word' id='word_1_47' title='bbox 1012 1090 1177 1169; x_wconf 87' lang='lat' dir='ltr'>subsidia;</span> <span class='ocrx_word' id='word_1_48' title='bbox 1198 1097 1329 1174; x_wconf 78' lang='lat' dir='ltr'>postro-</span> 
     </span>
     <span class='ocr_line' id='line_1_8' title="bbox 264 1197 1330 1283; baseline 0.003 -20"><span class='ocrx_word' id='word_1_49' title='bbox 264 1205 323 1264; x_wconf 95' lang='lat' dir='ltr'>mo</span> <span class='ocrx_word' id='word_1_50' title='bbox 339 1197 421 1283; x_wconf 88' lang='lat' dir='ltr'>quid</span> <span class='ocrx_word' id='word_1_51' title='bbox 439 1219 512 1264; x_wconf 91' lang='lat' dir='ltr'>esse</span> <span class='ocrx_word' id='word_1_52' title='bbox 529 1197 638 1264; x_wconf 89' lang='lat' dir='ltr'>levius</span> <span class='ocrx_word' id='word_1_53' title='bbox 654 1208 714 1263; x_wconf 89' lang='lat' dir='ltr'>aut</span> <span class='ocrx_word' id='word_1_54' title='bbox 734 1197 870 1281; x_wconf 86' lang='lat' dir='ltr'><strong>turpius</strong></span> <span class='ocrx_word' id='word_1_55' title='bbox 887 1219 992 1282; x_wconf 89' lang='lat' dir='ltr'>quam</span> <span class='ocrx_word' id='word_1_56' title='bbox 1009 1205 1151 1266; x_wconf 89' lang='lat' dir='ltr'>auctore</span> <span class='ocrx_word' id='word_1_57' title='bbox 1168 1201 1270 1266; x_wconf 87' lang='lat' dir='ltr'>hoste</span> <span class='ocrx_word' id='word_1_58' title='bbox 1287 1201 1330 1266; x_wconf 75' lang='lat' dir='ltr'>do</span> 
     </span>
     <span class='ocr_line' id='line_1_9' title="bbox 265 1306 896 1391; baseline -0.002 -19"><span class='ocrx_word' id='word_1_59' title='bbox 265 1313 410 1373; x_wconf 90' lang='lat' dir='ltr'>summis</span> <span class='ocrx_word' id='word_1_60' title='bbox 429 1308 531 1373; x_wconf 71' lang='lat' dir='ltr'>robus</span> <span class='ocrx_word' id='word_1_61' title='bbox 552 1328 673 1391; x_wconf 87' lang='lat' dir='ltr'>capere</span> <span class='ocrx_word' id='word_1_62' title='bbox 693 1306 896 1372; x_wconf 90' lang='lat' dir='ltr'>consilium?</span> 
     </span>
    </p>
   </div>
   <div class='ocr_carea' id='block_1_4' title="bbox 564 1511 1032 1568">
    <p class='ocr_par' dir='ltr' id='par_1_5' title="bbox 564 1511 1032 1568">
     <span class='ocr_line' id='line_1_10' title="bbox 564 1511 1032 1568; baseline 0.004 -2"><span class='ocrx_word' id='word_1_63' title='bbox 564 1511 689 1566; x_wconf 62' lang='lat' dir='ltr'>Sabtitus</span> <span class='ocrx_word' id='word_1_64' title='bbox 701 1513 727 1565; x_wconf 78' lang='lat' dir='ltr'>is</span> <span class='ocrx_word' id='word_1_65' title='bbox 740 1514 865 1567; x_wconf 73' lang='lat' dir='ltr'>anxtbus</span> <span class='ocrx_word' id='word_1_66' title='bbox 876 1518 905 1567; x_wconf 82' lang='lat' dir='ltr'>to</span> <span class='ocrx_word' id='word_1_67' title='bbox 916 1518 1032 1568; x_wconf 82' lang='lat' dir='ltr'>retreat.</span> 
     </span>
    </p>
   </div>
   <div class='ocr_carea' id='block_1_5' title="bbox 206 1645 1333 2278">
    <p class='ocr_par' dir='ltr' id='par_1_6' title="bbox 206 1645 1333 2278">
     <span class='ocr_line' id='line_1_11' title="bbox 206 1645 1332 1736; baseline 0.002 -24"><span class='ocrx_word' id='word_1_68' title='bbox 206 1668 250 1736; x_wconf 81' lang='lat'>29</span> <span class='ocrx_word' id='word_1_69' title='bbox 336 1645 471 1712; x_wconf 78' lang='lat' dir='ltr'>Contra</span> <span class='ocrx_word' id='word_1_70' title='bbox 493 1668 533 1713; x_wconf 91' lang='lat' dir='ltr'>ea</span> <span class='ocrx_word' id='word_1_71' title='bbox 555 1646 710 1713; x_wconf 82' lang='lat' dir='ltr'>Titinius</span> <span class='ocrx_word' id='word_1_72' title='bbox 734 1655 810 1715; x_wconf 78' lang='lat' dir='ltr'>soro</span> <span class='ocrx_word' id='word_1_73' title='bbox 835 1650 989 1716; x_wconf 84' lang='lat' dir='ltr'>lactoros</span> <span class='ocrx_word' id='word_1_74' title='bbox 1012 1650 1226 1728; x_wconf 79' lang='lat' dir='ltr'>clamitabat,</span> <span class='ocrx_word' id='word_1_75' title='bbox 1251 1671 1332 1715; x_wconf 88' lang='lat' dir='ltr'>cum</span> 
     </span>
     <span class='ocr_line' id='line_1_12' title="bbox 218 1755 1330 1842; baseline 0.004 -24"><span class='ocrx_word' id='word_1_76' title='bbox 218 1783 247 1819; x_wconf 84' lang='grc' dir='ltr'>ιο</span> <span class='ocrx_word' id='word_1_77' title='bbox 266 1755 414 1822; x_wconf 80' lang='lat' dir='ltr'>maiores</span> <span class='ocrx_word' id='word_1_78' title='bbox 434 1762 557 1822; x_wconf 83' lang='lat' dir='ltr'>manos</span> <span class='ocrx_word' id='word_1_79' title='bbox 577 1756 733 1842; x_wconf 89' lang='lat' dir='ltr'>hostium</span> <span class='ocrx_word' id='word_1_80' title='bbox 754 1758 927 1825; x_wconf 79' lang='lat' dir='ltr'>adionctis</span> <span class='ocrx_word' id='word_1_81' title='bbox 948 1759 1129 1825; x_wconf 80' lang='lat' dir='ltr'>Germanis</span> <span class='ocrx_word' id='word_1_82' title='bbox 1150 1758 1330 1826; x_wconf 79' lang='lat' dir='ltr'>convonis-</span> 
     </span>
     <span class='ocr_line' id='line_1_13' title="bbox 266 1865 1331 1951; baseline 0.003 -22"><span class='ocrx_word' id='word_1_83' title='bbox 266 1875 353 1942; x_wconf 87' lang='lat' dir='ltr'>sent,</span> <span class='ocrx_word' id='word_1_84' title='bbox 375 1876 535 1930; x_wconf 83' lang='lat' dir='ltr'>anteum</span> <span class='ocrx_word' id='word_1_85' title='bbox 557 1865 685 1950; x_wconf 87' lang='lat' dir='ltr'>aliquid</span> <span class='ocrx_word' id='word_1_86' title='bbox 708 1867 911 1933; x_wconf 77' lang='lat' dir='ltr'>calamitatis</span> <span class='ocrx_word' id='word_1_87' title='bbox 933 1867 967 1932; x_wconf 95' lang='lat' dir='ltr'>in</span> <span class='ocrx_word' id='word_1_88' title='bbox 990 1868 1158 1951; x_wconf 86' lang='lat' dir='ltr'>proximis</span> <span class='ocrx_word' id='word_1_89' title='bbox 1180 1868 1331 1932; x_wconf 92' lang='lat' dir='ltr'>hibernis</span> 
     </span>
     <span class='ocr_line' id='line_1_14' title="bbox 264 1975 1330 2058; baseline 0.002 -19"><span class='ocrx_word' id='word_1_90' title='bbox 264 1984 353 2040; x_wconf 89' lang='lat' dir='ltr'>esset</span> <span class='ocrx_word' id='word_1_91' title='bbox 372 1984 565 2058; x_wconf 88' lang='lat' dir='ltr'>acceptum.</span> <span class='ocrx_word' id='word_1_92' title='bbox 617 1975 764 2041; x_wconf 86' lang='lat' dir='ltr'>Brevem</span> <span class='ocrx_word' id='word_1_93' title='bbox 784 1977 987 2041; x_wconf 88' lang='lat' dir='ltr'>consulendi</span> <span class='ocrx_word' id='word_1_94' title='bbox 1006 1998 1080 2041; x_wconf 89' lang='lat' dir='ltr'>esse</span> <span class='ocrx_word' id='word_1_95' title='bbox 1100 1976 1330 2042; x_wconf 80' lang='lat' dir='ltr'>occasionem.</span> 
     </span>
     <span class='ocr_line' id='line_1_15' title="bbox 267 2081 1332 2168; baseline -0.001 -19"><span class='ocrx_word' id='word_1_96' title='bbox 267 2081 449 2149; x_wconf 82' lang='lat' dir='ltr'>Caesarem</span> <span class='ocrx_word' id='word_1_97' title='bbox 469 2089 506 2149; x_wconf 77' lang='lat' dir='ltr'>so</span> <span class='ocrx_word' id='word_1_98' title='bbox 525 2083 682 2149; x_wconf 81' lang='lat' dir='ltr'>arbitrari</span> <span class='ocrx_word' id='word_1_99' title='bbox 702 2084 897 2168; x_wconf 83' lang='lat' dir='ltr'>proiectum</span> <span class='ocrx_word' id='word_1_100' title='bbox 916 2084 951 2148; x_wconf 93' lang='lat' dir='ltr'>in</span> <span class='ocrx_word' id='word_1_101' title='bbox 972 2084 1122 2162; x_wconf 89' lang='lat' dir='ltr'>Italiam;</span> <span class='ocrx_word' id='word_1_102' title='bbox 1141 2105 1254 2168; x_wconf 88' lang='lat' dir='ltr'>neque</span> <span class='ocrx_word' id='word_1_103' title='bbox 1273 2084 1332 2150; x_wconf 90' lang='lat' dir='ltr'>ali-</span> 
     </span>
     <span class='ocr_line' id='line_1_16' title="bbox 266 2192 1333 2278; baseline 0.001 -20"><span class='ocrx_word' id='word_1_104' title='bbox 266 2204 318 2258; x_wconf 87' lang='lat' dir='ltr'>ter</span> <span class='ocrx_word' id='word_1_105' title='bbox 335 2192 506 2259; x_wconf 83' lang='lat' dir='ltr'>Carnutes</span> <span class='ocrx_word' id='word_1_106' title='bbox 523 2192 756 2258; x_wconf 88' lang='lat' dir='ltr'>interficiundi</span> <span class='ocrx_word' id='word_1_107' title='bbox 773 2192 915 2277; x_wconf 80' lang='lat' dir='ltr'>Tasgeti</span> <span class='ocrx_word' id='word_1_108' title='bbox 932 2192 1114 2258; x_wconf 87' lang='lat' dir='ltr'>consilium</span> <span class='ocrx_word' id='word_1_109' title='bbox 1133 2193 1236 2259; x_wconf 88' lang='lat' dir='ltr'>fuisse</span> <span class='ocrx_word' id='word_1_110' title='bbox 1254 2215 1333 2278; x_wconf 90' lang='lat' dir='ltr'>cap-</span> 
     </span>
    </p>
   </div>
   <div class='ocr_carea' id='block_1_6' title="bbox 218 2299 1333 2478">
    <p class='ocr_par' dir='ltr' id='par_1_7' title="bbox 218 2299 1333 2478">
     <span class='ocr_line' id='line_1_17' title="bbox 218 2299 1333 2387; baseline -0.004 -17"><span class='ocrx_word' id='word_1_111' title='bbox 218 2330 246 2382; x_wconf 85' lang='lat'>15</span> <span class='ocrx_word' id='word_1_112' title='bbox 268 2308 365 2368; x_wconf 82' lang='lat' dir='ltr'>toros</span> <span class='ocrx_word' id='word_1_113' title='bbox 388 2323 499 2387; x_wconf 87' lang='lat' dir='ltr'>neque</span> <span class='ocrx_word' id='word_1_114' title='bbox 523 2299 718 2380; x_wconf 75' lang='lat' dir='ltr'>Eburones</span> <span class='ocrx_word' id='word_1_115' title='bbox 741 2307 769 2366; x_wconf 91' lang='lat' dir='ltr'>si</span> <span class='ocrx_word' id='word_1_116' title='bbox 790 2301 845 2367; x_wconf 87' lang='lat' dir='ltr'>ille</span> <span class='ocrx_word' id='word_1_117' title='bbox 866 2301 1012 2379; x_wconf 87' lang='lat' dir='ltr'>adesset,</span> <span class='ocrx_word' id='word_1_118' title='bbox 1035 2308 1131 2367; x_wconf 75' lang='lat' dir='ltr'>tanto</span> <span class='ocrx_word' id='word_1_119' title='bbox 1153 2314 1333 2387; x_wconf 89' lang='lat' dir='ltr'>contemp-</span> 
     </span>
     <span class='ocr_line' id='line_1_18' title="bbox 267 2410 1333 2478; baseline -0.001 -1"><span class='ocrx_word' id='word_1_120' title='bbox 267 2411 362 2478; x_wconf 90' lang='lat' dir='ltr'>tione</span> <span class='ocrx_word' id='word_1_121' title='bbox 377 2417 488 2477; x_wconf 84' lang='lat' dir='ltr'>nostri</span> <span class='ocrx_word' id='word_1_122' title='bbox 503 2412 545 2477; x_wconf 93' lang='lat' dir='ltr'>ad</span> <span class='ocrx_word' id='word_1_123' title='bbox 562 2422 673 2477; x_wconf 88' lang='lat' dir='ltr'>castra</span> <span class='ocrx_word' id='word_1_124' title='bbox 689 2416 864 2477; x_wconf 82' lang='lat' dir='ltr'>ventoros.</span> <span class='ocrx_word' id='word_1_125' title='bbox 914 2410 997 2476; x_wconf 79' lang='lat' dir='ltr'>Soso</span> <span class='ocrx_word' id='word_1_126' title='bbox 1013 2416 1083 2476; x_wconf 94' lang='lat' dir='ltr'>non</span> <span class='ocrx_word' id='word_1_127' title='bbox 1100 2411 1238 2477; x_wconf 88' lang='lat' dir='ltr'>hostem</span> <span class='ocrx_word' id='word_1_128' title='bbox 1253 2432 1333 2477; x_wconf 88' lang='lat' dir='ltr'>auc-</span> 
     </span>
    </p>
   </div>
   <div class='ocr_carea' id='block_1_7' title="bbox 216 2521 1362 4014">
    <p class='ocr_par' dir='ltr' id='par_1_8' title="bbox 216 2521 1362 4014">
     <span class='ocr_line' id='line_1_19' title="bbox 267 2521 1333 2607; baseline -0.001 -20"><span class='ocrx_word' id='word_1_129' title='bbox 267 2528 390 2600; x_wconf 88' lang='lat' dir='ltr'>torem,</span> <span class='ocrx_word' id='word_1_130' title='bbox 408 2521 468 2586; x_wconf 92' lang='lat' dir='ltr'>sed</span> <span class='ocrx_word' id='word_1_131' title='bbox 484 2542 557 2586; x_wconf 91' lang='lat' dir='ltr'>rem</span> <span class='ocrx_word' id='word_1_132' title='bbox 573 2527 745 2607; x_wconf 80' lang='lat' dir='ltr'>spectare:</span> <span class='ocrx_word' id='word_1_133' title='bbox 762 2521 901 2587; x_wconf 88' lang='lat' dir='ltr'>subesse</span> <span class='ocrx_word' id='word_1_134' title='bbox 919 2521 1097 2598; x_wconf 74' lang='lat' dir='ltr'>Rhenum;</span> <span class='ocrx_word' id='word_1_135' title='bbox 1113 2527 1243 2606; x_wconf 77' lang='lat' dir='ltr'>magno</span> <span class='ocrx_word' id='word_1_136' title='bbox 1260 2543 1333 2587; x_wconf 87' lang='lat' dir='ltr'>esse</span> 
     </span>
     <span class='ocr_line' id='line_1_20' title="bbox 268 2614 1362 2714; baseline -0.001 -18"><span class='ocrx_word' id='word_1_137' title='bbox 268 2629 449 2696; x_wconf 80' lang='lat' dir='ltr'>Germanis</span> <span class='ocrx_word' id='word_1_138' title='bbox 476 2632 589 2696; x_wconf 92' lang='lat' dir='ltr'>dolori</span> <span class='ocrx_word' id='word_1_139' title='bbox 614 2629 783 2696; x_wconf 85' lang='lat' dir='ltr'>Ariovisti</span> <span class='ocrx_word' id='word_1_140' title='bbox 809 2641 959 2695; x_wconf 87' lang='lat' dir='ltr'>mortem</span> <span class='ocrx_word' id='word_1_141' title='bbox 986 2640 1020 2694; x_wconf 88' lang='lat' dir='ltr'>et</span> <span class='ocrx_word' id='word_1_142' title='bbox 1048 2629 1242 2714; x_wconf 77' lang='lat' dir='ltr'>superioros</span> <span class='ocrx_word' id='word_1_143' title='bbox 1269 2651 1331 2695; x_wconf 93' lang='lat' dir='ltr'>no·</span> <span class='ocrx_word' id='word_1_144' title='bbox 1361 2614 1362 2617; x_wconf 21' lang='lat'>¹</span> 
     </span>
     <span class='ocr_line' id='line_1_21' title="bbox 267 2738 1331 2822; baseline 0.003 -19"><span class='ocrx_word' id='word_1_145' title='bbox 267 2745 353 2804; x_wconf 80' lang='lat' dir='ltr'>stras</span> <span class='ocrx_word' id='word_1_146' title='bbox 372 2739 548 2817; x_wconf 58' lang='lat' dir='ltr'>victoriam</span> <span class='ocrx_word' id='word_1_147' title='bbox 568 2740 688 2805; x_wconf 77' lang='lat' dir='ltr'>ardore</span> <span class='ocrx_word' id='word_1_148' title='bbox 708 2739 854 2805; x_wconf 82' lang='lat' dir='ltr'>Galliam</span> <span class='ocrx_word' id='word_1_149' title='bbox 873 2748 925 2803; x_wconf 87' lang='lat' dir='ltr'>tot</span> <span class='ocrx_word' id='word_1_150' title='bbox 944 2738 1163 2804; x_wconf 77' lang='lat' dir='ltr'>contumeliis</span> <span class='ocrx_word' id='word_1_151' title='bbox 1182 2743 1331 2822; x_wconf 88' lang='lat' dir='ltr'>acceptis</span> 
     </span>
     <span class='ocr_line' id='line_1_22' title="bbox 216 2846 1333 2931; baseline 0 -19"><span class='ocrx_word' id='word_1_152' title='bbox 216 2882 249 2919; x_wconf 84' lang='lat'>20</span> <span class='ocrx_word' id='word_1_153' title='bbox 266 2848 330 2913; x_wconf 89' lang='lat' dir='ltr'>sub</span> <span class='ocrx_word' id='word_1_154' title='bbox 349 2848 468 2931; x_wconf 88' lang='lat' dir='ltr'>populi</span> <span class='ocrx_word' id='word_1_155' title='bbox 487 2848 639 2913; x_wconf 77' lang='lat' dir='ltr'>Romani</span> <span class='ocrx_word' id='word_1_156' title='bbox 657 2847 840 2930; x_wconf 86' lang='lat' dir='ltr'>imperinm</span> <span class='ocrx_word' id='word_1_157' title='bbox 858 2846 1044 2924; x_wconf 81' lang='lat' dir='ltr'>redactam,</span> <span class='ocrx_word' id='word_1_158' title='bbox 1063 2847 1239 2930; x_wconf 89' lang='lat' dir='ltr'>superiore</span> <span class='ocrx_word' id='word_1_159' title='bbox 1257 2846 1333 2931; x_wconf 86' lang='lat' dir='ltr'>glo-</span> 
     </span>
     <span class='ocr_line' id='line_1_23' title="bbox 266 2954 1331 3039; baseline 0 -19"><span class='ocrx_word' id='word_1_160' title='bbox 266 2955 314 3022; x_wconf 82' lang='lat' dir='ltr'>ria</span> <span class='ocrx_word' id='word_1_161' title='bbox 330 2963 378 3022; x_wconf 91' lang='lat' dir='ltr'>rei</span> <span class='ocrx_word' id='word_1_162' title='bbox 394 2955 551 3022; x_wconf 78' lang='lat' dir='ltr'>militaris</span> <span class='ocrx_word' id='word_1_163' title='bbox 568 2961 753 3021; x_wconf 76' lang='lat' dir='ltr'>exstincta.</span> <span class='ocrx_word' id='word_1_164' title='bbox 796 2955 982 3020; x_wconf 77' lang='lat' dir='ltr'>Postromo</span> <span class='ocrx_word' id='word_1_165' title='bbox 999 2955 1076 3039; x_wconf 90' lang='lat' dir='ltr'>quis</span> <span class='ocrx_word' id='word_1_166' title='bbox 1092 2956 1160 3022; x_wconf 91' lang='lat' dir='ltr'>hoc</span> <span class='ocrx_word' id='word_1_167' title='bbox 1177 2954 1239 3021; x_wconf 91' lang='lat' dir='ltr'>sibi</span> <span class='ocrx_word' id='word_1_168' title='bbox 1257 2976 1331 3039; x_wconf 90' lang='lat' dir='ltr'>per-</span> 
     </span>
     <span class='ocr_line' id='line_1_24' title="bbox 266 3062 1332 3147; baseline -0.003 -17"><span class='ocrx_word' id='word_1_169' title='bbox 266 3065 426 3130; x_wconf 76' lang='lat' dir='ltr'>suadoret</span> <span class='ocrx_word' id='word_1_170' title='bbox 444 3064 517 3129; x_wconf 91' lang='lat' dir='ltr'>sine</span> <span class='ocrx_word' id='word_1_171' title='bbox 534 3070 628 3129; x_wconf 76' lang='lat' dir='ltr'>certa</span> <span class='ocrx_word' id='word_1_172' title='bbox 645 3068 707 3147; x_wconf 79' lang='lat' dir='ltr'>spe</span> <span class='ocrx_word' id='word_1_173' title='bbox 724 3062 965 3146; x_wconf 79' lang='lat' dir='ltr'>Ambiorigem</span> <span class='ocrx_word' id='word_1_174' title='bbox 983 3062 1027 3128; x_wconf 91' lang='lat' dir='ltr'>ad</span> <span class='ocrx_word' id='word_1_175' title='bbox 1045 3063 1118 3129; x_wconf 77' lang='lat' dir='ltr'>eius</span> <span class='ocrx_word' id='word_1_176' title='bbox 1136 3063 1231 3129; x_wconf 92' lang='lat' dir='ltr'>modi</span> <span class='ocrx_word' id='word_1_177' title='bbox 1250 3069 1332 3129; x_wconf 90' lang='lat' dir='ltr'>con-</span> 
     </span>
     <span class='ocr_line' id='line_1_25' title="bbox 266 3170 1333 3257; baseline -0.003 -18"><span class='ocrx_word' id='word_1_178' title='bbox 266 3173 379 3240; x_wconf 90' lang='lat' dir='ltr'>silium</span> <span class='ocrx_word' id='word_1_179' title='bbox 395 3171 633 3238; x_wconf 78' lang='lat' dir='ltr'>descendisse?</span> <span class='ocrx_word' id='word_1_180' title='bbox 660 3170 767 3238; x_wconf 90' lang='lat' dir='ltr'>Suam</span> <span class='ocrx_word' id='word_1_181' title='bbox 782 3171 990 3237; x_wconf 89' lang='lat' dir='ltr'>sententiam</span> <span class='ocrx_word' id='word_1_182' title='bbox 1007 3171 1040 3237; x_wconf 90' lang='lat' dir='ltr'>in</span> <span class='ocrx_word' id='word_1_183' title='bbox 1057 3184 1241 3257; x_wconf 87' lang='lat' dir='ltr'>utramque</span> <span class='ocrx_word' id='word_1_184' title='bbox 1258 3193 1333 3256; x_wconf 91' lang='lat' dir='ltr'>par-</span> 
     </span>
     <span class='ocr_line' id='line_1_26' title="bbox 266 3279 1332 3364; baseline -0.001 -17"><span class='ocrx_word' id='word_1_185' title='bbox 266 3293 338 3347; x_wconf 88' lang='lat' dir='ltr'>tem</span> <span class='ocrx_word' id='word_1_186' title='bbox 353 3302 426 3346; x_wconf 89' lang='lat' dir='ltr'>esse</span> <span class='ocrx_word' id='word_1_187' title='bbox 441 3287 567 3346; x_wconf 82' lang='lat' dir='ltr'>tritam:</span> <span class='ocrx_word' id='word_1_188' title='bbox 582 3286 610 3344; x_wconf 94' lang='lat' dir='ltr'>si</span> <span class='ocrx_word' id='word_1_189' title='bbox 624 3279 707 3344; x_wconf 89' lang='lat' dir='ltr'>nihil</span> <span class='ocrx_word' id='word_1_190' title='bbox 722 3290 810 3344; x_wconf 88' lang='lat' dir='ltr'>esset</span> <span class='ocrx_word' id='word_1_191' title='bbox 826 3279 955 3357; x_wconf 85' lang='lat' dir='ltr'>dorius,</span> <span class='ocrx_word' id='word_1_192' title='bbox 972 3281 1067 3346; x_wconf 85' lang='lat' dir='ltr'>nollo</span> <span class='ocrx_word' id='word_1_193' title='bbox 1082 3302 1163 3346; x_wconf 84' lang='lat' dir='ltr'>curn</span> <span class='ocrx_word' id='word_1_194' title='bbox 1178 3281 1332 3364; x_wconf 85' lang='lat' dir='ltr'>periculo</span> 
     </span>
     <span class='ocr_line' id='line_1_27' title="bbox 216 3387 1332 3475; baseline 0.002 -23"><span class='ocrx_word' id='word_1_195' title='bbox 216 3414 245 3464; x_wconf 81' lang='lat'>25</span> <span class='ocrx_word' id='word_1_196' title='bbox 266 3391 309 3456; x_wconf 92' lang='lat' dir='ltr'>ad</span> <span class='ocrx_word' id='word_1_197' title='bbox 336 3388 534 3475; x_wconf 88' lang='lat' dir='ltr'>proximam</span> <span class='ocrx_word' id='word_1_198' title='bbox 559 3387 734 3472; x_wconf 81' lang='lat' dir='ltr'>legionem</span> <span class='ocrx_word' id='word_1_199' title='bbox 760 3393 1003 3472; x_wconf 80' lang='lat' dir='ltr'>perventoros3</span> <span class='ocrx_word' id='word_1_200' title='bbox 1030 3395 1057 3454; x_wconf 95' lang='lat' dir='ltr'>si</span> <span class='ocrx_word' id='word_1_201' title='bbox 1084 3389 1192 3455; x_wconf 90' lang='lat' dir='ltr'>Gallia</span> <span class='ocrx_word' id='word_1_202' title='bbox 1219 3389 1332 3454; x_wconf 90' lang='lat' dir='ltr'>omnis</span> 
     </span>
     <span class='ocr_line' id='line_1_28' title="bbox 266 3495 1333 3583; baseline -0.003 -18"><span class='ocrx_word' id='word_1_203' title='bbox 266 3521 346 3566; x_wconf 90' lang='lat' dir='ltr'>cum</span> <span class='ocrx_word' id='word_1_204' title='bbox 362 3495 544 3564; x_wconf 75' lang='lat' dir='ltr'>Germanis</span> <span class='ocrx_word' id='word_1_205' title='bbox 558 3503 779 3572; x_wconf 86' lang='lat' dir='ltr'>consentiret,</span> <span class='ocrx_word' id='word_1_206' title='bbox 795 3502 900 3562; x_wconf 84' lang='lat' dir='ltr'>onam</span> <span class='ocrx_word' id='word_1_207' title='bbox 914 3519 988 3564; x_wconf 90' lang='lat' dir='ltr'>esse</span> <span class='ocrx_word' id='word_1_208' title='bbox 1002 3497 1037 3562; x_wconf 94' lang='lat' dir='ltr'>in</span> <span class='ocrx_word' id='word_1_209' title='bbox 1052 3497 1226 3565; x_wconf 78' lang='lat' dir='ltr'>celeritate</span> <span class='ocrx_word' id='word_1_210' title='bbox 1241 3496 1333 3583; x_wconf 91' lang='lat' dir='ltr'>posi-</span> 
     </span>
     <span class='ocr_line' id='line_1_29' title="bbox 266 3603 1333 3690; baseline -0.003 -16"><span class='ocrx_word' id='word_1_211' title='bbox 266 3619 338 3674; x_wconf 89' lang='lat' dir='ltr'>tam</span> <span class='ocrx_word' id='word_1_212' title='bbox 355 3606 511 3673; x_wconf 83' lang='lat' dir='ltr'>salirtem.</span> <span class='ocrx_word' id='word_1_213' title='bbox 562 3603 686 3671; x_wconf 87' lang='lat' dir='ltr'>Cottae</span> <span class='ocrx_word' id='word_1_214' title='bbox 704 3605 846 3689; x_wconf 85' lang='lat' dir='ltr'>quidem</span> <span class='ocrx_word' id='word_1_215' title='bbox 864 3616 967 3689; x_wconf 85' lang='lat' dir='ltr'>atque</span> <span class='ocrx_word' id='word_1_216' title='bbox 986 3612 1107 3672; x_wconf 88' lang='lat' dir='ltr'>eorum</span> <span class='ocrx_word' id='word_1_217' title='bbox 1126 3613 1186 3690; x_wconf 88' lang='lat' dir='ltr'>qni</span> <span class='ocrx_word' id='word_1_218' title='bbox 1203 3607 1333 3673; x_wconf 91' lang='lat' dir='ltr'>dissen-</span> 
     </span>
     <span class='ocr_line' id='line_1_30' title="bbox 267 3713 1333 3799; baseline -0.001 -18"><span class='ocrx_word' id='word_1_219' title='bbox 267 3723 370 3782; x_wconf 90' lang='lat' dir='ltr'>tirent</span> <span class='ocrx_word' id='word_1_220' title='bbox 395 3713 577 3780; x_wconf 88' lang='lat' dir='ltr'>consilium</span> <span class='ocrx_word' id='word_1_221' title='bbox 601 3734 706 3798; x_wconf 85' lang='lat' dir='ltr'>quern</span> <span class='ocrx_word' id='word_1_222' title='bbox 729 3715 855 3781; x_wconf 80' lang='lat' dir='ltr'>habore</span> <span class='ocrx_word' id='word_1_223' title='bbox 879 3714 1033 3780; x_wconf 85' lang='lat' dir='ltr'>exitum?</span> <span class='ocrx_word' id='word_1_224' title='bbox 1056 3715 1090 3779; x_wconf 95' lang='lat' dir='ltr'>in</span> <span class='ocrx_word' id='word_1_225' title='bbox 1114 3722 1185 3799; x_wconf 90' lang='lat' dir='ltr'>quo</span> <span class='ocrx_word' id='word_1_226' title='bbox 1208 3722 1237 3781; x_wconf 91' lang='lat' dir='ltr'>si</span> <span class='ocrx_word' id='word_1_227' title='bbox 1260 3723 1333 3782; x_wconf 91' lang='lat' dir='ltr'>non</span> 
     </span>
     <span class='ocr_line' id='line_1_31' title="bbox 266 3821 1333 3910; baseline 0.003 -20"><span class='ocrx_word' id='word_1_228' title='bbox 266 3831 427 3910; x_wconf 77' lang='lat' dir='ltr'>praesens</span> <span class='ocrx_word' id='word_1_229' title='bbox 443 3824 646 3907; x_wconf 86' lang='lat' dir='ltr'>periculum,</span> <span class='ocrx_word' id='word_1_230' title='bbox 661 3832 696 3888; x_wconf 87' lang='lat' dir='ltr'>at</span> <span class='ocrx_word' id='word_1_231' title='bbox 712 3829 805 3890; x_wconf 77' lang='lat' dir='ltr'>certo</span> <span class='ocrx_word' id='word_1_232' title='bbox 819 3821 1012 3910; x_wconf 79' lang='lat' dir='ltr'>longinqua</span> <span class='ocrx_word' id='word_1_233' title='bbox 1028 3823 1209 3891; x_wconf 80' lang='lat' dir='ltr'>obsidione</span> <span class='ocrx_word' id='word_1_234' title='bbox 1225 3824 1333 3893; x_wconf 79' lang='lat' dir='ltr'>samos</span> 
     </span>
     <span class='ocr_line' id='line_1_32' title="bbox 217 3932 538 4014; baseline 0.003 -15"><span class='ocrx_word' id='word_1_235' title='bbox 217 3965 248 4014; x_wconf 83' lang='lat'>30</span> <span class='ocrx_word' id='word_1_236' title='bbox 268 3944 357 4004; x_wconf 76' lang='lat' dir='ltr'>esset</span> <span class='ocrx_word' id='word_1_237' title='bbox 375 3932 538 4002; x_wconf 80' lang='lat' dir='ltr'>timenda.</span> 
     </span>
    </p>
   </div>
   <div class='ocr_carea' id='block_1_8' title="bbox 0 0 1526 4442">
    <p class='ocr_par' dir='ltr' id='par_1_9' title="bbox 0 0 1526 4442">
     <span class='ocr_line' id='line_1_33' title="bbox 0 0 1526 4442; baseline 0 0"><span class='ocrx_word' id='word_1_238' title='bbox 0 0 1526 4442; x_wconf 95' lang='lat' dir='ltr'> </span> 
     </span>
    </p>
   </div>
  </div>
 </body>
</html>
