3000 4456
264 353 304 436 56
651 352 764 405 astu
791 352 950 406 onttrcr

264 532 302 598 P.
324 531 448 599 Sextio
471 531 612 610 Baculo,
634 529 825 596 fortissimo
846 529 931 610 viro,
953 530 1074 596 multis
1094 528 1329 616 gravibusque

266 642 465 708 vulneribus
489 641 661 718 coniecto,
686 650 724 706 ut
749 640 818 705 iam
842 645 879 705 so
904 639 1073 706 sustinore
1099 645 1171 704 non
1196 649 1328 722 posset;

263 750 412 835 reliquos
431 771 504 815 esse
524 749 694 814 tardioros
713 760 747 814 et
767 754 838 814 non
858 749 972 814 millos
992 749 1035 814 ab
1054 748 1252 816 novissimis
1272 750 1330 816 de-

264 866 356 927 serto
373 861 451 926 loco
469 859 601 943 proelio
617 858 786 924 excedere
803 865 843 924 ac
861 859 928 924 tela
945 863 1064 935 vitore,
1082 858 1201 923 hostes
1218 879 1331 943 neque

230 993 244 1043 s
265 977 285 1036 o
303 970 417 1036 fronte
436 992 480 1035 ex
498 968 659 1035 inferiore
679 969 757 1035 loco
776 969 965 1034 subeuntes
984 969 1213 1036 intermittere
1232 981 1266 1035 et
1286 972 1329 1036 ab

265 1083 415 1162 utroque
442 1077 549 1143 latere
573 1084 713 1155 iustine,
740 1089 774 1143 et
801 1099 874 1143 rem
900 1099 974 1143 esse
1000 1077 1035 1142 in
1061 1086 1216 1165 angusto
1242 1079 1328 1146 vidit

264 1209 376 1272 neque
407 1187 517 1253 ullum
548 1209 621 1253 esse
653 1186 846 1252 subsidium
879 1187 974 1272 quod
1007 1188 1168 1255 submitti
1201 1201 1328 1274 posset,

263 1303 365 1363 scoto
382 1297 425 1362 ab
442 1295 638 1362 novissimIs
660 1296 754 1380 [uni]
778 1295 879 1361 militi
896 1296 1068 1377 dotrocto,
1087 1298 1182 1383 quod
1198 1298 1270 1384 ipse
1287 1305 1330 1366 eo

265 1407 337 1472 sine
363 1412 465 1472 sct'rto
491 1412 644 1484 vonerat,
672 1405 706 1470 in
733 1412 880 1490 primam
906 1407 1016 1473 aciem
1043 1407 1222 1493 processit,
1251 1430 1329 1474 cen-

215 1540 247 1577 10
265 1515 530 1600 turionibusque
554 1514 761 1581 nominitim
785 1517 968 1600 appellotis
992 1516 1142 1602 reliquos
1167 1518 1329 1584 cohorto-

265 1637 322 1692 tus
339 1625 466 1691 militos
482 1632 582 1711 signa
596 1625 720 1691 inierre
736 1637 770 1692 et
788 1626 984 1712 manipulos
999 1628 1115 1693 laxore
1131 1626 1241 1705 iussit,
1259 1633 1329 1712 quo

264 1734 396 1801 facilius
415 1734 539 1820 gladiis
560 1741 613 1800 oti
634 1747 788 1820 possent.
836 1736 944 1803 Cuius
965 1737 1117 1803 advento
1140 1743 1201 1820 spe
1222 1736 1330 1802 inlata

264 1845 432 1911 militibus
454 1851 494 1910 oc
518 1844 760 1931 redintegroto
783 1845 910 1924 animo,
934 1867 1014 1912 cum
1038 1851 1101 1929 pro
1125 1851 1162 1911 so
1184 1844 1329 1929 quisque

264 1955 298 2020 in
317 1960 509 2038 conspectu
529 1954 750 2039 imperotoris
769 1955 875 2021 etiarn
895 1954 929 2020 in
950 1960 1117 2020 extremis
1137 1959 1208 2019 suis
1227 1953 1329 2019 robus

215 2087 244 2136 15
263 2085 405 2148 operam
428 2070 554 2133 novore
574 2074 728 2148 cuperet,
750 2064 890 2148 paulum
914 2063 1068 2128 hostium
1090 2061 1241 2146 impetus
1262 2070 1329 2126 tar·

262 2174 364 2240 datus
383 2185 444 2240 est.

301 2318 450 2380 Labienus,
464 2318 546 2391 aster
557 2317 662 2390 taking
674 2315 722 2370 the
733 2315 851 2386 enemy's
862 2320 953 2386 camp,
965 2315 1048 2368 sends
1058 2315 1294 2387 retitsorcements

722 2410 749 2458 to
763 2405 876 2459 Caesar.

204 2509 248 2577 26
336 2517 471 2596 Caesar,
495 2538 575 2583 cum
598 2534 654 2581 vn
678 2514 863 2599 legionem,
887 2534 975 2597 quae
999 2512 1096 2578 ioxto
1118 2512 1331 2590 constiterat,

264 2627 348 2693 item
363 2633 480 2712 urgeri
493 2627 537 2692 ab
552 2627 654 2692 hoste
669 2624 821 2702 vidisset,
839 2622 998 2689 tribunos
1014 2622 1165 2689 militum
1181 2622 1330 2703 monuit,

266 2748 305 2803 ut
335 2736 504 2834 paulatim
531 2741 606 2801 seso
633 2733 789 2819 legionos
817 2733 1071 2818 coniungerent
1101 2742 1135 2799 et
1164 2717 1331 2799 conversa

215 2873 247 2910 20
266 2854 367 2933 signa
390 2846 425 2911 in
452 2847 572 2911 hostes
596 2844 773 2911 inferrent.
826 2843 910 2928 Quo
936 2841 1040 2922 iacto,
1068 2863 1149 2908 cum
1175 2841 1248 2908 aliis
1274 2841 1331 2906 alii

266 2956 458 3023 subsidium
482 2954 609 3021 ierrent
636 2975 748 3038 neque
773 2953 935 3019 timerent
959 2959 1002 3018 ne
1025 2957 1135 3017 oversi
1159 2951 1202 3016 ab
1228 2950 1331 3016 hoste

265 3066 607 3142 circumvenirentur,
643 3063 808 3130 audacius
842 3061 1001 3128 resistere
1034 3068 1075 3127 oc
1109 3058 1233 3125 lortius
1268 3064 1331 3144 po-

266 3182 374 3262 gnare
398 3180 601 3257 coeporunt.
653 3171 799 3238 Interim
826 3171 954 3237 milites
979 3169 1157 3256 legionum
1183 3169 1332 3234 duorum

266 3285 409 3371 quaein
432 3282 622 3349 novissimo
644 3282 784 3368 agmine
806 3280 977 3367 praesidio
999 3278 1258 3364 impedimentis
1280 3276 1332 3342 iu-

216 3421 245 3471 25
266 3404 374 3474 erant,
395 3393 528 3479 proelio
548 3392 720 3471 nontioto,
741 3397 842 3458 curso
864 3390 1012 3457 incitoto
1032 3388 1066 3454 in
1086 3393 1224 3455 summo
1244 3386 1333 3453 colle

266 3506 309 3571 ab
338 3505 497 3571 hostibus
526 3502 843 3587 conspiciebantur;
873 3510 906 3565 et
936 3499 975 3565 T.
1009 3497 1183 3564 Labionus
1213 3501 1334 3562 castris

265 3614 421 3681 hostium
440 3619 573 3698 potitus
591 3621 626 3677 et
646 3633 691 3677 ex
710 3611 789 3676 loco
809 3607 995 3694 superiore,
1016 3629 1105 3693 quae
1124 3613 1178 3673 res
1197 3607 1232 3672 in
1252 3627 1332 3672 nos-

266 3731 326 3789 tris
344 3731 462 3790 castris
480 3732 685 3808 gererentur
702 3719 923 3804 conspicatus
942 3738 966 3782 x
984 3718 1158 3802 legionem
1178 3714 1333 3804 subsidio

267 3839 396 3898 nostris
418 3831 520 3897 misit.
569 3831 740 3915 Quicum
762 3851 807 3894 ex
826 3826 984 3913 equitum
1005 3837 1040 3892 et
1063 3827 1226 3893 colonum
1248 3824 1334 3911 iugo

217 3969 249 4024 ³0
270 3949 340 4032 quo
362 3941 396 4008 in
418 3942 496 4007 loeo
519 3946 572 4009 ros
595 3949 683 4005 esset
707 3943 908 4028 quantoque
930 3936 964 4001 in
988 3936 1141 4026 periculo
1165 3945 1199 4010 et
1222 3945 1332 4008 castra
