3044 4442
514 363 631 416 risen
657 365 690 418 v.
717 364 801 418 cap,
826 364 937 432 23-26.
1202 381 1262 447 119

193 546 387 624 scripserat,
415 551 449 605 et
476 541 639 608 cohortes
667 561 690 607 v
717 542 752 606 in
780 542 975 619 Eburones,
1003 547 1154 626 quorum
1180 560 1259 626 pars

193 649 345 715 moxima
362 660 414 714 est
433 649 522 715 inter
541 650 680 715 Mosam
698 656 738 717 ec
758 650 932 729 Rhenum,
952 657 1012 734 qui
1029 651 1093 716 sub
1112 649 1258 735 imperio

192 757 457 842 Ambiorigis'et
474 757 654 824 Catuvolci
670 770 778 836 erant,
794 759 896 825 misit.
947 759 1014 825 His
1030 759 1196 825 militibus
1212 757 1257 844 Q.

191 867 364 932 Titinium
381 865 549 933 Sabinum
564 879 598 933 et
615 867 654 932 L.
671 867 949 933 Aurunculeium
965 867 1107 934 Cottam
1124 869 1259 953 legotos

192 997 348 1061 praeesse
373 976 480 1042 iussit.
530 976 587 1041 Ad
610 977 703 1042 hunc
727 976 874 1042 modum
897 976 1090 1043 distribirtis
1113 977 1291 1062 legioni-5

191 1087 255 1152 bus
270 1085 429 1150 facillime
443 1085 581 1169 inopiae
596 1091 644 1150 rei
660 1085 904 1152 fromentoriae
920 1092 994 1152 sese
1010 1087 1140 1152 mederi
1156 1107 1258 1171 posse

191 1193 412 1260 existimovit.
462 1193 579 1278 Atque
604 1194 728 1260 horum
753 1205 869 1260 tamen
894 1195 1053 1261 omnium
1078 1195 1257 1280 legionum

191 1304 344 1378 hiberna,
363 1313 601 1386 praeteream,
619 1323 723 1386 quam
743 1302 782 1368 L.
803 1303 932 1369 Roscio
950 1303 984 1368 in
1003 1304 1258 1388 pocetissimam

190 1422 224 1477 et
238 1411 487 1496 quietissimam
502 1422 634 1495 partem
650 1410 845 1477 ducendam
860 1412 1013 1489 dederat,
1029 1413 1168 1479 milibus
1182 1435 1258 1498 pas-

191 1542 292 1587 suum
318 1540 338 1586 c
362 1519 640 1586 continebantur.
691 1520 770 1603 Ipse
794 1520 935 1598 intereo,
961 1521 1077 1604 quoad
1101 1521 1257 1606 legiones
1278 1549 1309 1585 ιο

189 1630 391 1695 conlocetos
416 1635 622 1714 munitaque
649 1629 791 1695 hiberna
817 1629 1053 1716 cognovisset,
1081 1641 1116 1696 et
1145 1630 1257 1698 Gallie

192 1743 319 1803 moreri
337 1737 528 1803 constituit.

379 1893 406 1946 T
401 1894 536 1963 asgetrm,
549 1909 569 1945 a
573 1892 687 1964 friend
694 1892 730 1964 eff
738 1891 786 1946 the
799 1891 931 1954 Romans,
945 1894 971 1946 t's
981 1892 1067 1948 slain.

260 2005 343 2070 Erat
368 2005 403 2069 in
429 2005 640 2072 Carnutibus
665 2011 803 2070 summo
828 2006 907 2071 loco
933 2011 1035 2071 notus
1060 2005 1255 2090 Tasgetius
1273 2025 1316 2094 25

187 2115 284 2181 cilius
298 2114 446 2180 moiores
459 2114 493 2180 in
508 2123 570 2182 sue
582 2114 724 2182 civitote
738 2123 886 2202 regnum
899 2115 1136 2181 obtinuerant.
1160 2113 1255 2182 Huic

191 2224 316 2291 Caesar
335 2231 399 2308 pro
418 2225 491 2290 eius
510 2225 637 2290 virtote
657 2236 761 2308 atque
779 2225 814 2289 in
833 2231 870 2290 se
888 2225 1140 2302 benevolentia,
1160 2223 1256 2309 quod
1277 2249 1305 2299 15

190 2333 225 2398 in
238 2327 402 2399 omnibus
416 2333 512 2399 bellis
527 2334 693 2419 singulari
707 2333 781 2399 eius
794 2340 901 2416 opero
914 2333 1024 2398 iuerat
1040 2338 1133 2410 risus,
1148 2332 1256 2399 meio-

189 2464 265 2509 rum
280 2444 398 2508 locum
412 2443 623 2509 restituerat.
673 2442 830 2509 Tertium
845 2443 913 2508 iam
927 2443 1020 2508 hunc
1034 2464 1164 2508 annum
1178 2449 1256 2526 reg-

190 2563 331 2618 nantem
351 2551 480 2617 inimici
499 2553 611 2636 palam
630 2553 748 2617 multis
766 2559 810 2617 ex'
829 2551 968 2617 civitote
988 2551 1188 2617 auctoribus
1207 2551 1257 2616 in-

190 2661 409 2728 terfecerunt.
460 2661 625 2726 Defertur
645 2682 685 2726 ea
705 2666 758 2726 res
779 2660 822 2726 ad
844 2660 1036 2726 Caesarem.
1088 2661 1149 2726 Ille
1170 2660 1256 2725 veri-

191 2782 257 2848 tus,
281 2770 377 2856 quod
401 2770 444 2836 ad
468 2771 583 2854 plores
606 2769 811 2854 pertinebat,
836 2775 880 2834 ne
903 2770 1024 2835 civitos
1048 2775 1169 2835 eorum
1194 2769 1256 2834 im·
1275 2797 1308 2836 20

190 2881 290 2965 pulso
307 2880 481 2956 deficeret,
500 2879 539 2944 L.
560 2878 727 2944 Plancum
744 2899 823 2943 cum
843 2878 980 2962 legione
998 2900 1043 2944 ex
1061 2878 1185 2962 Belgio
1202 2900 1257 2944 ce·

188 2989 303 3056 leriter
318 2989 351 3055 in
368 2988 540 3055 Carnutes
555 2988 728 3073 proficisci
743 2987 839 3054 iubet
855 2987 971 3072 ibique
987 2987 1153 3066 hiemore3
1169 2995 1255 3071 quo-

189 3120 336 3182 rumque
355 3104 461 3182 opere
480 3097 686 3181 cognoverit
705 3096 909 3180 Tasgetium
941 3095 1172 3173 interiectum,
1192 3096 1256 3161 hos

188 3208 459 3292 comprehensos
475 3207 519 3272 ad
536 3213 573 3272 se
590 3205 738 3272 mittere.
782 3204 928 3270 Interim
945 3203 988 3269 ab
1006 3204 1169 3270 omnibus
1191 3205 1255 3288 [le-

185 3322 279 3402 getis
293 3315 637 3401 quaestoribusque],
653 3315 779 3400 quibus
794 3313 949 3399 legiones
966 3313 1166 3390 trodiderat,
1183 3334 1255 3378 cer·
1275 3342 1305 3392 2⁵

188 3425 257 3491 tior
271 3425 383 3491 iactus
399 3436 450 3491 est
467 3425 501 3490 in
518 3426 661 3491 hiberna
678 3434 884 3508 perventum
902 3424 1087 3506 locumque
1104 3422 1256 3487 hibernis

190 3555 264 3601 esse
289 3541 474 3600 munitum.

229 3705 386 3760 Ambiorix
397 3705 461 3760 and
471 3705 642 3760 Catuvolcus
654 3703 754 3759 attach
765 3703 813 3758 the
823 3705 931 3757 wimer
942 3705 1026 3773 camp
1037 3701 1074 3774 os
1083 3701 1214 3755 Sabinus.

259 3831 392 3899 Diebus
416 3831 552 3898 circiter
575 3851 625 3897 xv
649 3830 775 3916 quibus
799 3830 833 3894 in
857 3829 1000 3894 hiberna
1024 3836 1166 3893 ventum
1192 3834 1255 3902 est,
1273 3833 1316 3899 26

188 3941 326 4008 initium
344 3947 515 4026 repentini
534 3942 705 4008 tumultos
723 3946 762 4006 ec
782 3937 986 4005 deiectionis
1005 3946 1122 4003 ortum
1142 3945 1193 4002 est
1212 3933 1254 4002 ab

353 4047 384 4098 13
