3048 4444
512 357 630 409 LIBER
656 357 719 410 Vll.
746 358 830 411 CAP.
857 371 970 411 20-22.
1150 420 1156 428 ,
1216 363 1270 424 181

206 537 260 622 gis
288 537 459 602 honorem
490 536 640 602 tribuere
670 558 775 621 quam
804 539 847 602 ab
876 544 913 603 se
942 538 1089 603 saltitem
1118 538 1274 623 accipere

206 645 397 710 videantur.

276 753 294 780 “
310 754 409 820 Haec
429 765 468 820 ut
487 753 729 840 intellegatis,’'
750 755 872 839 inquit,
894 755 947 822 “a
966 763 1023 822 me
1042 756 1174 822 sincere
1194 763 1274 842 pro·

187 864 368 954 nuntiari,
392 862 510 930 audite
536 863 717 930 Romanos
742 863 900 931 mssites.”
951 864 1117 931 Producit
1144 872 1272 944 servos,

205 979 294 1058 quos
319 973 354 1037 in
379 972 604 1058 pibukitione
629 979 747 1057 paucis
773 983 853 1040 ante
878 973 1000 1040 diebus
1026 981 1209 1059 exceperat
1236 985 1303 1052 ets

206 1083 296 1148 farne
321 1081 536 1165 vinculisque
562 1082 830 1148 excruciaverat.
882 1083 931 1148 Hi
957 1083 1025 1149 iam
1051 1094 1131 1150 ante
1156 1085 1273 1150 edocti

206 1213 295 1277 quae
320 1190 525 1276 interrogati
550 1192 827 1276 pronuntiarent,
853 1193 979 1259 milites
1004 1200 1040 1259 se
1065 1214 1139 1260 esse
1164 1194 1273 1280 legio-

206 1300 320 1365 nirios
336 1301 471 1379 dicunt;
490 1300 579 1366 lame
595 1311 698 1385 atque
715 1301 833 1385 inopia
848 1300 1019 1367 adductos
1036 1303 1123 1368 clam
1140 1325 1185 1368 ex
1201 1325 1273 1370 cas-

206 1415 266 1474 tris
280 1415 403 1486 exisse,
419 1415 446 1474 si
462 1409 545 1494 quid
561 1409 724 1476 frumenti
740 1421 799 1475 aut
815 1410 950 1495 pecoris
965 1411 1000 1476 in
1016 1418 1108 1496 agris
1124 1419 1272 1496 reperire

205 1529 362 1604 possent;
376 1518 478 1583 simili
493 1539 634 1584 omnem
649 1519 841 1584 exercitum
858 1518 975 1604 inopia
989 1527 1110 1604 premi,
1127 1543 1190 1587 nec
1204 1521 1272 1587 iam
1291 1553 1322 1589 ιο

206 1633 293 1693 vires
326 1627 483 1693 sufficere
516 1627 719 1712 cuiusquam
753 1648 816 1692 nec
850 1627 937 1694 ferre
970 1628 1085 1713 operis
1118 1630 1272 1696 laborem

205 1758 306 1821 posse
313 1759 321 1815 ;
341 1737 456 1821 itaque
475 1737 635 1801 statuisse
654 1737 911 1820 imperatorem,
930 1743 958 1802 si
978 1737 1061 1802 nihil
1081 1738 1115 1803 in
1136 1745 1272 1825 oppug-

204 1847 345 1913 natione
366 1845 486 1930 oppidi
506 1845 717 1930 profecisset,
738 1846 855 1910 triduo
874 1846 1067 1912 exercitum
1089 1847 1269 1917 deducere,

206 1955 223 1982 “
240 1955 370 2033 Haec,’'
395 1955 517 2039 inquit,
542 1954 595 2020 “a
617 1961 673 2020 me
687 1954 706 1980 ''
736 1943 1043 2041 [Vercingetorix]
1072 1955 1272 2024 “beneficia

203 2068 347 2145 habetis,
367 2089 471 2153 quem
490 2068 698 2153 proditionis
716 2068 936 2148 insimulati&
956 2069 1054 2135 cuius
1072 2075 1179 2153 opera
1198 2068 1271 2134 sine
1291 2099 1319 2151 ις

203 2183 318 2244 vestro
332 2177 500 2263 sanguine
515 2189 652 2245 tantum
667 2179 859 2245 exercitum
874 2179 1042 2244 victorem
1057 2179 1147 2244 fame
1162 2198 1270 2263 paene

204 2294 453 2374 consumptum
471 2291 610 2370 videtis3
629 2312 734 2375 quem
753 2289 899 2374 turpiter
917 2296 954 2355 se
972 2310 1017 2355 ex
1035 2290 1100 2354 hac
1118 2289 1202 2374 luga
1220 2309 1271 2353 re·

204 2399 389 2484 cipientem
406 2407 449 2467 ne
465 2423 532 2486 qua
549 2401 669 2467 civitais
685 2408 755 2468 suis
771 2400 898 2466 finibus
914 2399 1066 2485 recipiat,
1083 2405 1104 2465 ἐι
1119 2405 1175 2465 me
1192 2404 1270 2484 pro·

204 2517 316 2576 visum
339 2511 423 2578 est.”

455 2604 531 2676 They
547 2607 647 2674 acquir
664 2603 725 2658 him
744 2604 818 2658 wr'tlr
836 2603 1021 2659 enthusiarm.

272 2721 477 2788 Conclamat
492 2723 605 2787 omnis
621 2723 810 2788 multitudo
826 2732 860 2789 et
876 2728 940 2788 suo
956 2727 1053 2786 more
1068 2725 1172 2785 armis
1187 2739 1269 2783 con·
1286 2739 1327 2790 21

204 2842 330 2915 crepat,
353 2831 447 2916 quod
470 2831 580 2898 lacere
602 2832 636 2897 in
657 2839 700 2898 eo
721 2838 933 2898 consuerunt
955 2830 1053 2897 cuius
1075 2830 1270 2896 orationem

202 2939 411 3022 adprobant:
445 2940 631 3008 Summum
664 2963 737 3008 esse
770 2941 1100 3026 Vercingetorigem
1134 2938 1269 3014 ducem,

204 3070 267 3113 nec
282 3049 325 3114 ‹le
338 3049 412 3115 eius
426 3049 494 3116 fide
509 3050 750 3128 dubitandum,
767 3072 830 3116 nec
846 3051 976 3117 maiore
992 3049 1125 3114 ratione
1141 3049 1270 3114 bellum

202 3157 433 3224 administrari
452 3180 563 3242 posse.
614 3159 778 3226 Statuunt
799 3169 836 3225 ut
856 3178 880 3222 x
900 3159 992 3224 milia
1010 3157 1193 3223 hominum
1212 3158 1270 3222 ‹le-

203 3266 291 3331 lecta
309 3289 353 3332 ex
373 3267 536 3333 omnibus
555 3268 664 3352 copiis
683 3269 717 3332 in
738 3266 906 3352 oppidum
926 3267 1185 3336 submittantur.
1206 3288 1269 3331 nec
1289 3286 1319 3336 25

203 3374 284 3440 solis
313 3375 529 3462 Biturigibus
556 3382 781 3442 communem
808 3376 952 3442 salutern
981 3375 1269 3440 committendam

203 3490 360 3563 censent;
379 3485 473 3570 quod
495 3507 603 3570 paene
622 3485 655 3550 in
675 3491 729 3562 eo,
748 3491 776 3550 si
795 3484 829 3550 id
849 3484 1017 3568 oppidum
1037 3483 1269 3560 retinuissent,

203 3615 373 3660 summam
397 3594 562 3660 victoriae
584 3601 744 3660 constare
766 3593 1023 3678 intellegebant.

273 3747 398 3820 Skr'llsul
412 3748 557 3819 desensive
573 3751 735 3818 operatium
752 3748 788 3819 os
802 3746 849 3801 the
868 3747 959 3802 Gauls
975 3752 1009 3800 at
1025 3747 1198 3800 Avaricum.

271 3863 447 3948 Singulari
467 3864 615 3929 militum
636 3870 835 3929 nostrorum
856 3862 974 3927 virtriti
994 3861 1135 3926 consilia
1156 3860 1268 3926 cuius·
1285 3867 1328 3919 22

200 3993 269 4057 que
286 3972 382 4039 modi
401 3973 580 4040 Gallorum
598 3972 837 4046 occurrebant,
856 3980 893 4034 ut
911 3979 962 4034 est
981 3989 1136 4033 summae
1155 3989 1266 4053 genus
1288 3996 1320 4044 30
