<?xml version="1.0" encoding="UTF-8"?>
<!DOCTYPE html PUBLIC "-//W3C//DTD XHTML 1.0 Transitional//EN"
    "http://www.w3.org/TR/xhtml1/DTD/xhtml1-transitional.dtd">
<html xmlns="http://www.w3.org/1999/xhtml" xml:lang="en" lang="en">
 <head>
  <title>
</title>
<meta http-equiv="Content-Type" content="text/html;charset=utf-8" />
  <meta name='ocr-system' content='tesseract 3.04.00' />
  <meta name='ocr-capabilities' content='ocr_page ocr_carea ocr_par ocr_line ocrx_word'/>
</head>
<body>
  <div class='ocr_page' id='page_1' title='image "./civlicaesarisde00westgoog_0292.png"; bbox 0 0 3048 4444; ppageno 0'>
   <div class='ocr_carea' id='block_1_1' title="bbox 248 356 924 420">
    <p class='ocr_par' dir='ltr' id='par_1_1' title="bbox 248 356 924 420">
     <span class='ocr_line' id='line_1_1' title="bbox 248 356 924 420; baseline -0.004 -9"><span class='ocrx_word' id='word_1_1' title='bbox 248 360 307 420; x_wconf 90' lang='lat'>180</span> <span class='ocrx_word' id='word_1_2' title='bbox 629 357 741 409; x_wconf 88' lang='lat' dir='ltr'>BELLI</span> <span class='ocrx_word' id='word_1_3' title='bbox 766 356 924 410; x_wconf 91' lang='lat' dir='ltr'>GALLlCI</span> 
     </span>
    </p>
   </div>
   <div class='ocr_carea' id='block_1_2' title="bbox 245 534 1311 831">
    <p class='ocr_par' dir='ltr' id='par_1_2' title="bbox 245 534 1311 831">
     <span class='ocr_line' id='line_1_2' title="bbox 246 534 1311 621; baseline -0.002 -20"><span class='ocrx_word' id='word_1_4' title='bbox 246 541 335 621; x_wconf 78' lang='lat' dir='ltr'>ques</span> <span class='ocrx_word' id='word_1_5' title='bbox 354 556 434 601; x_wconf 92' lang='lat' dir='ltr'>cum</span> <span class='ocrx_word' id='word_1_6' title='bbox 453 542 501 602; x_wconf 91' lang='lat' dir='ltr'>sic</span> <span class='ocrx_word' id='word_1_7' title='bbox 521 536 639 602; x_wconf 84' lang='lat' dir='ltr'>animo</span> <span class='ocrx_word' id='word_1_8' title='bbox 659 542 797 620; x_wconf 70' lang='lat' dir='ltr'>paretes</span> <span class='ocrx_word' id='word_1_9' title='bbox 817 535 932 600; x_wconf 86' lang='lat' dir='ltr'>videat</span> <span class='ocrx_word' id='word_1_10' title='bbox 951 545 989 600; x_wconf 93' lang='lat' dir='ltr'>ut</span> <span class='ocrx_word' id='word_1_11' title='bbox 1010 534 1144 599; x_wconf 83' lang='lat' dir='ltr'>millum</span> <span class='ocrx_word' id='word_1_12' title='bbox 1164 539 1228 618; x_wconf 76' lang='lat' dir='ltr'>pre</span> <span class='ocrx_word' id='word_1_13' title='bbox 1247 539 1311 600; x_wconf 72' lang='lat' dir='ltr'>sue</span> 
     </span>
     <span class='ocr_line' id='line_1_3' title="bbox 245 641 1310 729; baseline -0.004 -20"><span class='ocrx_word' id='word_1_14' title='bbox 245 645 346 712; x_wconf 87' lang='lat' dir='ltr'>laude</span> <span class='ocrx_word' id='word_1_15' title='bbox 367 645 560 729; x_wconf 90' lang='lat' dir='ltr'>periculum</span> <span class='ocrx_word' id='word_1_16' title='bbox 583 649 752 721; x_wconf 83' lang='lat' dir='ltr'>rectisent,</span> <span class='ocrx_word' id='word_1_17' title='bbox 777 664 933 708; x_wconf 88' lang='lat' dir='ltr'>summae</span> <span class='ocrx_word' id='word_1_18' title='bbox 955 649 991 708; x_wconf 86' lang='lat' dir='ltr'>se</span> <span class='ocrx_word' id='word_1_19' title='bbox 1015 641 1205 726; x_wconf 63' lang='lat' dir='ltr'>iniquitatis</span> <span class='ocrx_word' id='word_1_20' title='bbox 1228 663 1310 706; x_wconf 89' lang='lat' dir='ltr'>con-</span> 
     </span>
     <span class='ocr_line' id='line_1_4' title="bbox 246 750 1310 831; baseline -0.004 -13"><span class='ocrx_word' id='word_1_21' title='bbox 246 754 401 819; x_wconf 63' lang='lat' dir='ltr'>demnari</span> <span class='ocrx_word' id='word_1_22' title='bbox 419 753 554 831; x_wconf 87' lang='lat' dir='ltr'>debere,</span> <span class='ocrx_word' id='word_1_23' title='bbox 572 753 636 818; x_wconf 94' lang='lat' dir='ltr'>nisi</span> <span class='ocrx_word' id='word_1_24' title='bbox 654 758 775 819; x_wconf 74' lang='lat' dir='ltr'>cerum</span> <span class='ocrx_word' id='word_1_25' title='bbox 792 758 899 817; x_wconf 84' lang='lat' dir='ltr'>vitam</span> <span class='ocrx_word' id='word_1_26' title='bbox 917 751 1016 816; x_wconf 89' lang='lat' dir='ltr'>laude</span> <span class='ocrx_word' id='word_1_27' title='bbox 1035 755 1097 816; x_wconf 72' lang='lat' dir='ltr'>sue</span> <span class='ocrx_word' id='word_1_28' title='bbox 1114 750 1238 815; x_wconf 88' lang='lat' dir='ltr'>habeat</span> <span class='ocrx_word' id='word_1_29' title='bbox 1256 756 1310 815; x_wconf 75' lang='lat' dir='ltr'>ce-</span> 
     </span>
    </p>
   </div>
   <div class='ocr_carea' id='block_1_3' title="bbox 245 858 1413 934">
    <p class='ocr_par' dir='ltr' id='par_1_3' title="bbox 245 858 1413 934">
     <span class='ocr_line' id='line_1_5' title="bbox 245 858 1413 934; baseline -0.006 -6"><span class='ocrx_word' id='word_1_30' title='bbox 245 862 382 928; x_wconf 80' lang='lat' dir='ltr'>rierem.</span> <span class='ocrx_word' id='word_1_31' title='bbox 432 861 490 929; x_wconf 87' lang='lat' dir='ltr'>Sic</span> <span class='ocrx_word' id='word_1_32' title='bbox 514 861 639 927; x_wconf 90' lang='lat' dir='ltr'>milites</span> <span class='ocrx_word' id='word_1_33' title='bbox 664 860 864 926; x_wconf 73' lang='lat' dir='ltr'>censciletus</span> <span class='ocrx_word' id='word_1_34' title='bbox 888 860 1012 925; x_wconf 77' lang='lat' dir='ltr'>eedem</span> <span class='ocrx_word' id='word_1_35' title='bbox 1037 858 1093 924; x_wconf 87' lang='lat' dir='ltr'>die</span> <span class='ocrx_word' id='word_1_36' title='bbox 1116 859 1249 924; x_wconf 80' lang='lat' dir='ltr'>redricit</span> <span class='ocrx_word' id='word_1_37' title='bbox 1274 859 1308 922; x_wconf 91' lang='lat' dir='ltr'>in</span> <span class='ocrx_word' id='word_1_38' title='bbox 1402 922 1413 934; x_wconf 49' lang='lat'><em>„</em></span> 
     </span>
    </p>
   </div>
   <div class='ocr_carea' id='block_1_4' title="bbox 211 965 1309 1148">
    <p class='ocr_par' dir='ltr' id='par_1_4' title="bbox 211 965 1309 1148">
     <span class='ocr_line' id='line_1_6' title="bbox 211 965 1309 1066; baseline -0.005 -28"><span class='ocrx_word' id='word_1_39' title='bbox 211 997 224 1050; x_wconf 75' lang='grc' dir='ltr'>ς</span> <span class='ocrx_word' id='word_1_40' title='bbox 245 984 369 1050; x_wconf 89' lang='lat' dir='ltr'>castra;</span> <span class='ocrx_word' id='word_1_41' title='bbox 389 970 588 1055; x_wconf 89' lang='lat' dir='ltr'>reliquaque</span> <span class='ocrx_word' id='word_1_42' title='bbox 606 992 694 1055; x_wconf 88' lang='lat' dir='ltr'>quae</span> <span class='ocrx_word' id='word_1_43' title='bbox 712 970 754 1035; x_wconf 87' lang='lat' dir='ltr'>ad</span> <span class='ocrx_word' id='word_1_44' title='bbox 774 968 1076 1054; x_wconf 71' lang='lat' dir='ltr'>oppirgnetienem</span> <span class='ocrx_word' id='word_1_45' title='bbox 1096 965 1215 1053; x_wconf 84' lang='lat' dir='ltr'>oppidi</span> <span class='ocrx_word' id='word_1_46' title='bbox 1234 988 1309 1066; x_wconf 78' lang='lat' dir='ltr'>per-</span> 
     </span>
     <span class='ocr_line' id='line_1_7' title="bbox 245 1078 835 1148; baseline -0.005 -1"><span class='ocrx_word' id='word_1_47' title='bbox 245 1082 400 1148; x_wconf 90' lang='lat' dir='ltr'>tinebant</span> <span class='ocrx_word' id='word_1_48' title='bbox 419 1080 658 1147; x_wconf 63' lang='lat' dir='ltr'>administrare</span> <span class='ocrx_word' id='word_1_49' title='bbox 677 1078 835 1145; x_wconf 85' lang='lat' dir='ltr'>instituit.</span> 
     </span>
    </p>
   </div>
   <div class='ocr_carea' id='block_1_5' title="bbox 390 1226 1160 1299">
    <p class='ocr_par' dir='ltr' id='par_1_5' title="bbox 390 1226 1160 1299">
     <span class='ocr_line' id='line_1_8' title="bbox 390 1226 1160 1299; baseline -0.005 -15"><span class='ocrx_word' id='word_1_50' title='bbox 390 1229 448 1285; x_wconf 80' lang='lat' dir='ltr'>The</span> <span class='ocrx_word' id='word_1_51' title='bbox 467 1230 557 1284; x_wconf 86' lang='lat' dir='ltr'>Gauls</span> <span class='ocrx_word' id='word_1_52' title='bbox 573 1232 683 1299; x_wconf 76' lang='lat' dir='ltr'><em>suspect</em></span> <span class='ocrx_word' id='word_1_53' title='bbox 703 1227 929 1298; x_wconf 77' lang='lat' dir='ltr'>Vercingetorix.</span> <span class='ocrx_word' id='word_1_54' title='bbox 966 1227 1025 1281; x_wconf 81' lang='lat' dir='ltr'>His</span> <span class='ocrx_word' id='word_1_55' title='bbox 1043 1226 1160 1298; x_wconf 82' lang='lat' dir='ltr'><em>defense.</em></span> 
     </span>
    </p>
   </div>
   <div class='ocr_carea' id='block_1_6' title="bbox 183 1335 1310 4052">
    <p class='ocr_par' dir='ltr' id='par_1_6' title="bbox 183 1335 1310 1645">
     <span class='ocr_line' id='line_1_9' title="bbox 183 1335 1310 1426; baseline -0.012 -14"><span class='ocrx_word' id='word_1_56' title='bbox 183 1360 227 1412; x_wconf 88' lang='lat'>20</span> <span class='ocrx_word' id='word_1_57' title='bbox 314 1341 594 1426; x_wconf 84' lang='lat' dir='ltr'>Vercingetorix,</span> <span class='ocrx_word' id='word_1_58' title='bbox 625 1358 705 1404; x_wconf 92' lang='lat' dir='ltr'>cum</span> <span class='ocrx_word' id='word_1_59' title='bbox 735 1337 778 1402; x_wconf 92' lang='lat' dir='ltr'>ad</span> <span class='ocrx_word' id='word_1_60' title='bbox 808 1342 890 1402; x_wconf 76' lang='lat' dir='ltr'>sues</span> <span class='ocrx_word' id='word_1_61' title='bbox 919 1337 1073 1413; x_wconf 83' lang='lat' dir='ltr'>redisset,</span> <span class='ocrx_word' id='word_1_62' title='bbox 1104 1335 1310 1421; x_wconf 79' lang='lat' dir='ltr'>proditienis</span> 
     </span>
     <span class='ocr_line' id='line_1_10' title="bbox 244 1445 1309 1534; baseline -0.007 -19"><span class='ocrx_word' id='word_1_63' title='bbox 244 1452 473 1527; x_wconf 67' lang='lat' dir='ltr'>insimulatus,</span> <span class='ocrx_word' id='word_1_64' title='bbox 499 1449 594 1534; x_wconf 91' lang='lat' dir='ltr'>quod</span> <span class='ocrx_word' id='word_1_65' title='bbox 621 1458 731 1513; x_wconf 88' lang='lat' dir='ltr'>castra</span> <span class='ocrx_word' id='word_1_66' title='bbox 757 1445 900 1530; x_wconf 92' lang='lat' dir='ltr'>propius</span> <span class='ocrx_word' id='word_1_67' title='bbox 926 1445 1107 1510; x_wconf 72' lang='lat' dir='ltr'>Romenes</span> <span class='ocrx_word' id='word_1_68' title='bbox 1132 1445 1309 1521; x_wconf 77' lang='lat' dir='ltr'>mevisset,</span> 
     </span>
     <span class='ocr_line' id='line_1_11' title="bbox 245 1551 1309 1645; baseline -0.008 -19"><span class='ocrx_word' id='word_1_69' title='bbox 245 1562 445 1645; x_wconf 90' lang='lat' dir='ltr'>quodcum</span> <span class='ocrx_word' id='word_1_70' title='bbox 472 1564 568 1624; x_wconf 90' lang='lat' dir='ltr'>omni</span> <span class='ocrx_word' id='word_1_71' title='bbox 594 1556 750 1642; x_wconf 61' lang='lat' dir='ltr'>equitatu</span> <span class='ocrx_word' id='word_1_72' title='bbox 776 1554 998 1630; x_wconf 84' lang='lat' dir='ltr'>discessisset,</span> <span class='ocrx_word' id='word_1_73' title='bbox 1025 1551 1119 1637; x_wconf 91' lang='lat' dir='ltr'>quod</span> <span class='ocrx_word' id='word_1_74' title='bbox 1147 1553 1220 1619; x_wconf 88' lang='lat' dir='ltr'>sine</span> <span class='ocrx_word' id='word_1_75' title='bbox 1247 1553 1309 1617; x_wconf 92' lang='lat' dir='ltr'>im-</span> 
     </span>
    </p>

    <p class='ocr_par' dir='ltr' id='par_1_7' title="bbox 194 1661 1310 2203">
     <span class='ocr_line' id='line_1_12' title="bbox 194 1661 1310 1754; baseline -0.005 -20"><span class='ocrx_word' id='word_1_76' title='bbox 194 1697 225 1734; x_wconf 87' lang='lat'>10</span> <span class='ocrx_word' id='word_1_77' title='bbox 243 1671 341 1754; x_wconf 75' lang='lat' dir='ltr'>periri</span> <span class='ocrx_word' id='word_1_78' title='bbox 361 1675 474 1734; x_wconf 70' lang='lat' dir='ltr'>tantis</span> <span class='ocrx_word' id='word_1_79' title='bbox 494 1667 612 1752; x_wconf 76' lang='lat' dir='ltr'>eripies</span> <span class='ocrx_word' id='word_1_80' title='bbox 632 1664 835 1750; x_wconf 88' lang='lat' dir='ltr'>reliquisset,</span> <span class='ocrx_word' id='word_1_81' title='bbox 856 1663 951 1747; x_wconf 89' lang='lat' dir='ltr'>quod</span> <span class='ocrx_word' id='word_1_82' title='bbox 972 1663 1045 1728; x_wconf 89' lang='lat' dir='ltr'>eius</span> <span class='ocrx_word' id='word_1_83' title='bbox 1064 1661 1216 1728; x_wconf 73' lang='lat' dir='ltr'>discessi]</span> <span class='ocrx_word' id='word_1_84' title='bbox 1238 1662 1310 1728; x_wconf 83' lang='lat' dir='ltr'>Ro·</span> 
     </span>
     <span class='ocr_line' id='line_1_13' title="bbox 243 1771 1308 1861; baseline -0.007 -18"><span class='ocrx_word' id='word_1_85' title='bbox 243 1785 337 1845; x_wconf 75' lang='lat' dir='ltr'>meni</span> <span class='ocrx_word' id='word_1_86' title='bbox 358 1784 454 1844; x_wconf 72' lang='lat' dir='ltr'>tante</span> <span class='ocrx_word' id='word_1_87' title='bbox 479 1776 741 1861; x_wconf 60' lang='lat' dir='ltr'>opportunitate</span> <span class='ocrx_word' id='word_1_88' title='bbox 765 1786 798 1838; x_wconf 91' lang='lat' dir='ltr'>et</span> <span class='ocrx_word' id='word_1_89' title='bbox 824 1772 997 1838; x_wconf 78' lang='lat' dir='ltr'>celeritete</span> <span class='ocrx_word' id='word_1_90' title='bbox 1022 1771 1211 1850; x_wconf 89' lang='lat' dir='ltr'>venissent;</span> <span class='ocrx_word' id='word_1_91' title='bbox 1237 1778 1308 1836; x_wconf 78' lang='lat' dir='ltr'>nen</span> 
     </span>
     <span class='ocr_line' id='line_1_14' title="bbox 241 1881 1308 1967; baseline -0.006 -13"><span class='ocrx_word' id='word_1_92' title='bbox 241 1891 325 1956; x_wconf 86' lang='lat' dir='ltr'>haec</span> <span class='ocrx_word' id='word_1_93' title='bbox 342 1889 459 1954; x_wconf 88' lang='lat' dir='ltr'>omnia</span> <span class='ocrx_word' id='word_1_94' title='bbox 476 1887 620 1953; x_wconf 77' lang='lat' dir='ltr'>fortuite</span> <span class='ocrx_word' id='word_1_95' title='bbox 637 1897 696 1952; x_wconf 92' lang='lat' dir='ltr'>aut</span> <span class='ocrx_word' id='word_1_96' title='bbox 714 1886 787 1951; x_wconf 90' lang='lat' dir='ltr'>sine</span> <span class='ocrx_word' id='word_1_97' title='bbox 805 1883 950 1950; x_wconf 76' lang='lat' dir='ltr'>censilie</span> <span class='ocrx_word' id='word_1_98' title='bbox 968 1883 1121 1949; x_wconf 89' lang='lat' dir='ltr'>accidere</span> <span class='ocrx_word' id='word_1_99' title='bbox 1140 1881 1293 1967; x_wconf 90' lang='lat' dir='ltr'>potuisse</span> <span class='ocrx_word' id='word_1_100' title='bbox 1300 1905 1308 1960; x_wconf 92' lang='lat'>;</span> 
     </span>
     <span class='ocr_line' id='line_1_15' title="bbox 242 1993 1308 2085; baseline -0.008 -20"><span class='ocrx_word' id='word_1_101' title='bbox 242 2007 389 2085; x_wconf 87' lang='lat' dir='ltr'>regnum</span> <span class='ocrx_word' id='word_1_102' title='bbox 405 1999 499 2078; x_wconf 88' lang='lat' dir='ltr'>illum</span> <span class='ocrx_word' id='word_1_103' title='bbox 520 1997 648 2064; x_wconf 87' lang='lat' dir='ltr'>Galliae</span> <span class='ocrx_word' id='word_1_104' title='bbox 664 1997 764 2063; x_wconf 71' lang='lat' dir='ltr'>melle</span> <span class='ocrx_word' id='word_1_105' title='bbox 782 1996 936 2063; x_wconf 88' lang='lat' dir='ltr'>Caesaris</span> <span class='ocrx_word' id='word_1_106' title='bbox 953 1999 1120 2062; x_wconf 73' lang='lat' dir='ltr'>concessis</span> <span class='ocrx_word' id='word_1_107' title='bbox 1138 2015 1242 2078; x_wconf 89' lang='lat' dir='ltr'>quam</span> <span class='ocrx_word' id='word_1_108' title='bbox 1259 1993 1308 2077; x_wconf 92' lang='lat' dir='ltr'>ip-</span> 
     </span>
     <span class='ocr_line' id='line_1_16' title="bbox 243 2099 1307 2203; baseline -0.005 -30"><span class='ocrx_word' id='word_1_109' title='bbox 243 2115 360 2173; x_wconf 78' lang='lat' dir='ltr'>serum</span> <span class='ocrx_word' id='word_1_110' title='bbox 382 2109 508 2174; x_wconf 86' lang='lat' dir='ltr'>habere</span> <span class='ocrx_word' id='word_1_111' title='bbox 528 2107 805 2203; x_wconf 74' lang='lat' dir='ltr'>beneficio-teli</span> <span class='ocrx_word' id='word_1_112' title='bbox 825 2104 933 2170; x_wconf 74' lang='lat' dir='ltr'>mode</span> <span class='ocrx_word' id='word_1_113' title='bbox 955 2109 1136 2170; x_wconf 70' lang='lat' dir='ltr'>accersetus</span> <span class='ocrx_word' id='word_1_114' title='bbox 1158 2103 1200 2169; x_wconf 90' lang='lat' dir='ltr'>ad</span> <span class='ocrx_word' id='word_1_115' title='bbox 1224 2099 1307 2168; x_wconf 90' lang='lat' dir='ltr'>haec</span> 
     </span>
    </p>

    <p class='ocr_par' dir='ltr' id='par_1_8' title="bbox 194 2209 1308 2739">
     <span class='ocr_line' id='line_1_17' title="bbox 194 2209 1307 2304; baseline -0.006 -21"><span class='ocrx_word' id='word_1_116' title='bbox 194 2247 222 2296; x_wconf 74' lang='grc' dir='ltr'>ις</span> <span class='ocrx_word' id='word_1_117' title='bbox 243 2219 434 2304; x_wconf 88' lang='lat' dir='ltr'>respondit:</span> <span class='ocrx_word' id='word_1_118' title='bbox 454 2209 560 2303; x_wconf 83' lang='lat' dir='ltr'>Quod</span> <span class='ocrx_word' id='word_1_119' title='bbox 578 2210 688 2283; x_wconf 90' lang='lat' dir='ltr'>castra</span> <span class='ocrx_word' id='word_1_120' title='bbox 704 2215 880 2293; x_wconf 79' lang='lat' dir='ltr'>mevisset,</span> <span class='ocrx_word' id='word_1_121' title='bbox 898 2215 1027 2280; x_wconf 87' lang='lat' dir='ltr'>iactum</span> <span class='ocrx_word' id='word_1_122' title='bbox 1045 2213 1162 2298; x_wconf 74' lang='lat' dir='ltr'>inopie</span> <span class='ocrx_word' id='word_1_123' title='bbox 1180 2213 1307 2298; x_wconf 75' lang='lat' dir='ltr'>pebuli,</span> 
     </span>
     <span class='ocr_line' id='line_1_18' title="bbox 243 2324 1308 2412; baseline -0.002 -20"><span class='ocrx_word' id='word_1_124' title='bbox 243 2328 347 2393; x_wconf 87' lang='lat' dir='ltr'>etiam</span> <span class='ocrx_word' id='word_1_125' title='bbox 365 2328 447 2412; x_wconf 90' lang='lat' dir='ltr'>ipsis</span> <span class='ocrx_word' id='word_1_126' title='bbox 465 2326 685 2393; x_wconf 87' lang='lat' dir='ltr'>hortantibus</span> <span class='ocrx_word' id='word_1_127' title='bbox 692 2349 700 2406; x_wconf 90' lang='lat'>;</span> <span class='ocrx_word' id='word_1_128' title='bbox 719 2325 813 2410; x_wconf 90' lang='lat' dir='ltr'>quod</span> <span class='ocrx_word' id='word_1_129' title='bbox 833 2325 976 2410; x_wconf 90' lang='lat' dir='ltr'>propius</span> <span class='ocrx_word' id='word_1_130' title='bbox 996 2324 1177 2391; x_wconf 72' lang='lat' dir='ltr'>Remencis</span> <span class='ocrx_word' id='word_1_131' title='bbox 1196 2346 1308 2391; x_wconf 91' lang='lat' dir='ltr'>acces-</span> 
     </span>
     <span class='ocr_line' id='line_1_19' title="bbox 242 2434 1307 2520; baseline -0.001 -19"><span class='ocrx_word' id='word_1_132' title='bbox 242 2436 351 2514; x_wconf 87' lang='lat' dir='ltr'>sisset,</span> <span class='ocrx_word' id='word_1_133' title='bbox 379 2442 581 2520; x_wconf 75' lang='lat' dir='ltr'>pcrsurisum</span> <span class='ocrx_word' id='word_1_134' title='bbox 607 2435 674 2501; x_wconf 92' lang='lat' dir='ltr'>loci</span> <span class='ocrx_word' id='word_1_135' title='bbox 699 2435 972 2520; x_wconf 77' lang='lat' dir='ltr'>opportc’mitette,</span> <span class='ocrx_word' id='word_1_136' title='bbox 995 2440 1055 2520; x_wconf 90' lang='lat' dir='ltr'>qui</span> <span class='ocrx_word' id='word_1_137' title='bbox 1077 2441 1113 2501; x_wconf 90' lang='lat' dir='ltr'>se</span> <span class='ocrx_word' id='word_1_138' title='bbox 1135 2435 1207 2519; x_wconf 92' lang='lat' dir='ltr'>ipse</span> <span class='ocrx_word' id='word_1_139' title='bbox 1234 2434 1307 2500; x_wconf 94' lang='lat' dir='ltr'>sine</span> 
     </span>
     <span class='ocr_line' id='line_1_20' title="bbox 243 2544 1308 2630; baseline 0 -20"><span class='ocrx_word' id='word_1_140' title='bbox 243 2547 436 2611; x_wconf 81' lang='lat' dir='ltr'>mimitic&#39;me</span> <span class='ocrx_word' id='word_1_141' title='bbox 457 2545 672 2626; x_wconf 82' lang='lat' dir='ltr'>defenderet3</span> <span class='ocrx_word' id='word_1_142' title='bbox 692 2544 850 2630; x_wconf 90' lang='lat' dir='ltr'>equitum</span> <span class='ocrx_word' id='word_1_143' title='bbox 871 2551 954 2611; x_wconf 78' lang='lat' dir='ltr'>vere</span> <span class='ocrx_word' id='word_1_144' title='bbox 975 2566 1117 2630; x_wconf 88' lang='lat' dir='ltr'>operam</span> <span class='ocrx_word' id='word_1_145' title='bbox 1139 2567 1251 2630; x_wconf 85' lang='lat' dir='ltr'>neque</span> <span class='ocrx_word' id='word_1_146' title='bbox 1272 2545 1308 2611; x_wconf 92' lang='lat' dir='ltr'>in</span> 
     </span>
     <span class='ocr_line' id='line_1_21' title="bbox 242 2655 1307 2739; baseline 0.001 -20"><span class='ocrx_word' id='word_1_147' title='bbox 242 2655 321 2720; x_wconf 79' lang='lat' dir='ltr'>loce</span> <span class='ocrx_word' id='word_1_148' title='bbox 345 2657 487 2739; x_wconf 82' lang='lat' dir='ltr'>pabistri</span> <span class='ocrx_word' id='word_1_149' title='bbox 509 2655 696 2722; x_wconf 60' lang='lat' dir='ltr'>desiderari</span> <span class='ocrx_word' id='word_1_150' title='bbox 718 2656 889 2734; x_wconf 75' lang='lat' dir='ltr'>debuisse,</span> <span class='ocrx_word' id='word_1_151' title='bbox 913 2655 946 2723; x_wconf 83' lang='lat' dir='ltr'>et</span> <span class='ocrx_word' id='word_1_152' title='bbox 970 2656 1037 2722; x_wconf 87' lang='lat' dir='ltr'>iilic</span> <span class='ocrx_word' id='word_1_153' title='bbox 1061 2656 1164 2723; x_wconf 85' lang='lat' dir='ltr'>inisse</span> <span class='ocrx_word' id='word_1_154' title='bbox 1188 2656 1307 2723; x_wconf 84' lang='lat' dir='ltr'>t&#39;rtilem</span> 
     </span>
    </p>

    <p class='ocr_par' dir='ltr' id='par_1_9' title="bbox 192 2763 1308 3284">
     <span class='ocr_line' id='line_1_22' title="bbox 192 2763 1308 2849; baseline 0.001 -20"><span class='ocrx_word' id='word_1_155' title='bbox 192 2795 224 2833; x_wconf 69' lang='grc' dir='ltr'><em>ω</em></span> <span class='ocrx_word' id='word_1_156' title='bbox 242 2770 313 2848; x_wconf 81' lang='lat' dir='ltr'>quo</span> <span class='ocrx_word' id='word_1_157' title='bbox 336 2764 402 2829; x_wconf 89' lang='lat' dir='ltr'>sint</span> <span class='ocrx_word' id='word_1_158' title='bbox 426 2763 581 2849; x_wconf 89' lang='lat' dir='ltr'>profecti.</span> <span class='ocrx_word' id='word_1_159' title='bbox 631 2764 813 2830; x_wconf 82' lang='lat' dir='ltr'>Summam</span> <span class='ocrx_word' id='word_1_160' title='bbox 836 2765 958 2849; x_wconf 91' lang='lat' dir='ltr'>imperi</span> <span class='ocrx_word' id='word_1_161' title='bbox 981 2771 1017 2838; x_wconf 88' lang='lat' dir='ltr'>se</span> <span class='ocrx_word' id='word_1_162' title='bbox 1040 2766 1201 2832; x_wconf 77' lang='lat' dir='ltr'>censulte</span> <span class='ocrx_word' id='word_1_163' title='bbox 1224 2767 1308 2831; x_wconf 82' lang='lat' dir='ltr'>milli</span> 
     </span>
     <span class='ocr_line' id='line_1_23' title="bbox 242 2872 1307 2950; baseline 0.001 -12"><span class='ocrx_word' id='word_1_164' title='bbox 242 2873 477 2939; x_wconf 72' lang='lat' dir='ltr'>discedentem</span> <span class='ocrx_word' id='word_1_165' title='bbox 496 2872 686 2950; x_wconf 60' lang='lat' dir='ltr'>tradidisse,</span> <span class='ocrx_word' id='word_1_166' title='bbox 704 2879 748 2939; x_wconf 92' lang='lat' dir='ltr'>ne</span> <span class='ocrx_word' id='word_1_167' title='bbox 765 2873 794 2938; x_wconf 93' lang='lat' dir='ltr'>is</span> <span class='ocrx_word' id='word_1_168' title='bbox 811 2873 1043 2940; x_wconf 84' lang='lat' dir='ltr'>multitridinis</span> <span class='ocrx_word' id='word_1_169' title='bbox 1061 2874 1177 2940; x_wconf 73' lang='lat' dir='ltr'>studii)</span> <span class='ocrx_word' id='word_1_170' title='bbox 1196 2875 1238 2940; x_wconf 90' lang='lat' dir='ltr'>ad</span> <span class='ocrx_word' id='word_1_171' title='bbox 1258 2875 1307 2939; x_wconf 89' lang='lat' dir='ltr'>di-</span> 
     </span>
     <span class='ocr_line' id='line_1_24' title="bbox 243 2982 1307 3068; baseline -0.001 -20"><span class='ocrx_word' id='word_1_172' title='bbox 243 2983 440 3048; x_wconf 89' lang='lat' dir='ltr'>micandum</span> <span class='ocrx_word' id='word_1_173' title='bbox 468 2982 715 3066; x_wconf 90' lang='lat' dir='ltr'>impelleretur;</span> <span class='ocrx_word' id='word_1_174' title='bbox 741 2983 796 3049; x_wconf 91' lang='lat' dir='ltr'>cui</span> <span class='ocrx_word' id='word_1_175' title='bbox 823 2989 871 3049; x_wconf 89' lang='lat' dir='ltr'>rei</span> <span class='ocrx_word' id='word_1_176' title='bbox 897 2995 1040 3068; x_wconf 91' lang='lat' dir='ltr'>propter</span> <span class='ocrx_word' id='word_1_177' title='bbox 1065 2984 1170 3050; x_wconf 92' lang='lat' dir='ltr'>animi</span> <span class='ocrx_word' id='word_1_178' title='bbox 1196 2984 1307 3048; x_wconf 92' lang='lat' dir='ltr'>molli-</span> 
     </span>
     <span class='ocr_line' id='line_1_25' title="bbox 242 3090 1307 3177; baseline 0.001 -20"><span class='ocrx_word' id='word_1_179' title='bbox 242 3094 324 3158; x_wconf 90' lang='lat' dir='ltr'>tiem</span> <span class='ocrx_word' id='word_1_180' title='bbox 340 3091 479 3157; x_wconf 88' lang='lat' dir='ltr'>studere</span> <span class='ocrx_word' id='word_1_181' title='bbox 495 3097 617 3156; x_wconf 91' lang='lat' dir='ltr'>omnes</span> <span class='ocrx_word' id='word_1_182' title='bbox 631 3090 774 3169; x_wconf 86' lang='lat' dir='ltr'>videret,</span> <span class='ocrx_word' id='word_1_183' title='bbox 791 3093 886 3177; x_wconf 91' lang='lat' dir='ltr'>quod</span> <span class='ocrx_word' id='word_1_184' title='bbox 903 3092 1032 3158; x_wconf 79' lang='lat' dir='ltr'>diritius</span> <span class='ocrx_word' id='word_1_185' title='bbox 1049 3093 1202 3159; x_wconf 76' lang='lat' dir='ltr'>laberem</span> <span class='ocrx_word' id='word_1_186' title='bbox 1220 3093 1307 3158; x_wconf 86' lang='lat' dir='ltr'>ierre</span> 
     </span>
     <span class='ocr_line' id='line_1_26' title="bbox 243 3199 1304 3284; baseline 0 -18"><span class='ocrx_word' id='word_1_187' title='bbox 243 3207 314 3267; x_wconf 77' lang='lat' dir='ltr'>nen</span> <span class='ocrx_word' id='word_1_188' title='bbox 344 3211 495 3284; x_wconf 90' lang='lat' dir='ltr'>possent.</span> <span class='ocrx_word' id='word_1_189' title='bbox 557 3199 710 3266; x_wconf 71' lang='lat' dir='ltr'>Remeni</span> <span class='ocrx_word' id='word_1_190' title='bbox 738 3207 767 3266; x_wconf 89' lang='lat' dir='ltr'>si</span> <span class='ocrx_word' id='word_1_191' title='bbox 795 3207 877 3267; x_wconf 79' lang='lat' dir='ltr'>cesti</span> <span class='ocrx_word' id='word_1_192' title='bbox 907 3201 1165 3274; x_wconf 86' lang='lat' dir='ltr'>intervenerint,</span> <span class='ocrx_word' id='word_1_193' title='bbox 1195 3201 1304 3267; x_wconf 83' lang='lat' dir='ltr'>fortu-</span> 
     </span>
    </p>

    <p class='ocr_par' dir='ltr' id='par_1_10' title="bbox 191 3310 1308 3833">
     <span class='ocr_line' id='line_1_27' title="bbox 191 3310 1306 3397; baseline -0.004 -17"><span class='ocrx_word' id='word_1_194' title='bbox 191 3343 221 3392; x_wconf 81' lang='lat'>25</span> <span class='ocrx_word' id='word_1_195' title='bbox 242 3333 319 3389; x_wconf 87' lang='lat' dir='ltr'>nae;</span> <span class='ocrx_word' id='word_1_196' title='bbox 338 3317 365 3375; x_wconf 91' lang='lat' dir='ltr'>si</span> <span class='ocrx_word' id='word_1_197' title='bbox 383 3310 526 3376; x_wconf 77' lang='lat' dir='ltr'>alicuius</span> <span class='ocrx_word' id='word_1_198' title='bbox 544 3310 672 3376; x_wconf 86' lang='lat' dir='ltr'>indicio</span> <span class='ocrx_word' id='word_1_199' title='bbox 690 3318 815 3388; x_wconf 57' lang='lat' dir='ltr'>vocati,</span> <span class='ocrx_word' id='word_1_200' title='bbox 835 3312 914 3377; x_wconf 93' lang='lat' dir='ltr'>huic</span> <span class='ocrx_word' id='word_1_201' title='bbox 933 3312 1128 3378; x_wconf 85' lang='lat' dir='ltr'>habendam</span> <span class='ocrx_word' id='word_1_202' title='bbox 1148 3312 1306 3397; x_wconf 71' lang='lat' dir='ltr'>gretiam,</span> 
     </span>
     <span class='ocr_line' id='line_1_28' title="bbox 242 3418 1308 3506; baseline 0.001 -21"><span class='ocrx_word' id='word_1_203' title='bbox 242 3420 335 3504; x_wconf 89' lang='lat' dir='ltr'>qnod</span> <span class='ocrx_word' id='word_1_204' title='bbox 361 3430 394 3486; x_wconf 91' lang='lat' dir='ltr'>et</span> <span class='ocrx_word' id='word_1_205' title='bbox 419 3418 629 3503; x_wconf 76' lang='lat' dir='ltr'>paucitetem</span> <span class='ocrx_word' id='word_1_206' title='bbox 654 3427 776 3486; x_wconf 78' lang='lat' dir='ltr'>eerum</span> <span class='ocrx_word' id='word_1_207' title='bbox 800 3444 844 3486; x_wconf 89' lang='lat' dir='ltr'>ex</span> <span class='ocrx_word' id='word_1_208' title='bbox 869 3422 948 3486; x_wconf 76' lang='lat' dir='ltr'>locri</span> <span class='ocrx_word' id='word_1_209' title='bbox 973 3421 1150 3505; x_wconf 82' lang='lat' dir='ltr'>superiore</span> <span class='ocrx_word' id='word_1_210' title='bbox 1174 3427 1308 3506; x_wconf 78' lang='lat' dir='ltr'>cegne-</span> 
     </span>
     <span class='ocr_line' id='line_1_29' title="bbox 241 3529 1306 3616; baseline 0 -20"><span class='ocrx_word' id='word_1_211' title='bbox 241 3551 334 3596; x_wconf 90' lang='lat' dir='ltr'>scere</span> <span class='ocrx_word' id='word_1_212' title='bbox 350 3541 385 3596; x_wconf 87' lang='lat' dir='ltr'>et</span> <span class='ocrx_word' id='word_1_213' title='bbox 400 3529 564 3596; x_wconf 78' lang='lat' dir='ltr'>virtritem</span> <span class='ocrx_word' id='word_1_214' title='bbox 580 3529 756 3613; x_wconf 77' lang='lat' dir='ltr'>despicere</span> <span class='ocrx_word' id='word_1_215' title='bbox 773 3529 961 3613; x_wconf 82' lang='lat' dir='ltr'>potuerint,</span> <span class='ocrx_word' id='word_1_216' title='bbox 979 3536 1038 3616; x_wconf 81' lang='lat' dir='ltr'>qui</span> <span class='ocrx_word' id='word_1_217' title='bbox 1054 3530 1218 3596; x_wconf 76' lang='lat' dir='ltr'>dimicere</span> <span class='ocrx_word' id='word_1_218' title='bbox 1235 3537 1306 3597; x_wconf 78' lang='lat' dir='ltr'>nen</span> 
     </span>
     <span class='ocr_line' id='line_1_30' title="bbox 242 3637 1308 3723; baseline 0.001 -18"><span class='ocrx_word' id='word_1_219' title='bbox 242 3646 315 3705; x_wconf 89' lang='lat' dir='ltr'>ausi</span> <span class='ocrx_word' id='word_1_220' title='bbox 339 3638 486 3723; x_wconf 90' lang='lat' dir='ltr'>turpiter</span> <span class='ocrx_word' id='word_1_221' title='bbox 508 3644 545 3704; x_wconf 90' lang='lat' dir='ltr'>se</span> <span class='ocrx_word' id='word_1_222' title='bbox 568 3637 602 3703; x_wconf 92' lang='lat' dir='ltr'>in</span> <span class='ocrx_word' id='word_1_223' title='bbox 626 3649 737 3703; x_wconf 90' lang='lat' dir='ltr'>castra</span> <span class='ocrx_word' id='word_1_224' title='bbox 761 3637 961 3722; x_wconf 89' lang='lat' dir='ltr'>receperint.</span> <span class='ocrx_word' id='word_1_225' title='bbox 1013 3637 1202 3723; x_wconf 90' lang='lat' dir='ltr'>Imperium</span> <span class='ocrx_word' id='word_1_226' title='bbox 1226 3646 1263 3705; x_wconf 91' lang='lat' dir='ltr'>se</span> <span class='ocrx_word' id='word_1_227' title='bbox 1287 3646 1308 3706; x_wconf 75' lang='lat' dir='ltr'>e</span> 
     </span>
     <span class='ocr_line' id='line_1_31' title="bbox 241 3745 1305 3833; baseline -0.003 -16"><span class='ocrx_word' id='word_1_228' title='bbox 241 3749 386 3817; x_wconf 86' lang='lat' dir='ltr'>Caesare</span> <span class='ocrx_word' id='word_1_229' title='bbox 408 3769 470 3833; x_wconf 91' lang='lat' dir='ltr'>per</span> <span class='ocrx_word' id='word_1_230' title='bbox 490 3745 725 3833; x_wconf 78' lang='lat' dir='ltr'>preditienem</span> <span class='ocrx_word' id='word_1_231' title='bbox 747 3746 880 3811; x_wconf 82' lang='lat' dir='ltr'>millum</span> <span class='ocrx_word' id='word_1_232' title='bbox 902 3746 1106 3828; x_wconf 73' lang='lat' dir='ltr'>desiderere,</span> <span class='ocrx_word' id='word_1_233' title='bbox 1129 3749 1224 3833; x_wconf 91' lang='lat' dir='ltr'>quod</span> <span class='ocrx_word' id='word_1_234' title='bbox 1246 3750 1305 3814; x_wconf 88' lang='lat' dir='ltr'>ha-</span> 
     </span>
    </p>

    <p class='ocr_par' dir='ltr' id='par_1_11' title="bbox 190 3855 1307 4052">
     <span class='ocr_line' id='line_1_32' title="bbox 190 3855 1307 3942; baseline -0.004 -13"><span class='ocrx_word' id='word_1_235' title='bbox 190 3891 222 3940; x_wconf 84' lang='lat'>30</span> <span class='ocrx_word' id='word_1_236' title='bbox 241 3862 321 3925; x_wconf 89' lang='lat' dir='ltr'>bere</span> <span class='ocrx_word' id='word_1_237' title='bbox 338 3857 482 3924; x_wconf 71' lang='lat' dir='ltr'>victerie</span> <span class='ocrx_word' id='word_1_238' title='bbox 500 3867 627 3941; x_wconf 91' lang='lat' dir='ltr'>posset,</span> <span class='ocrx_word' id='word_1_239' title='bbox 645 3877 733 3941; x_wconf 88' lang='lat' dir='ltr'>quae</span> <span class='ocrx_word' id='word_1_240' title='bbox 750 3855 818 3920; x_wconf 89' lang='lat' dir='ltr'>iam</span> <span class='ocrx_word' id='word_1_241' title='bbox 835 3868 924 3922; x_wconf 88' lang='lat' dir='ltr'>esset</span> <span class='ocrx_word' id='word_1_242' title='bbox 942 3857 1004 3923; x_wconf 90' lang='lat' dir='ltr'>sibi</span> <span class='ocrx_word' id='word_1_243' title='bbox 1022 3870 1126 3942; x_wconf 88' lang='lat' dir='ltr'>atque</span> <span class='ocrx_word' id='word_1_244' title='bbox 1144 3859 1307 3925; x_wconf 90' lang='lat' dir='ltr'>omnibus</span> 
     </span>
     <span class='ocr_line' id='line_1_33' title="bbox 242 3964 1306 4052; baseline -0.001 -17"><span class='ocrx_word' id='word_1_245' title='bbox 242 3969 347 4035; x_wconf 88' lang='lat' dir='ltr'>Gallis</span> <span class='ocrx_word' id='word_1_246' title='bbox 363 3968 558 4052; x_wconf 75' lang='lat' dir='ltr'>exploreta;</span> <span class='ocrx_word' id='word_1_247' title='bbox 584 3972 667 4050; x_wconf 88' lang='lat' dir='ltr'>quin</span> <span class='ocrx_word' id='word_1_248' title='bbox 685 3964 789 4030; x_wconf 89' lang='lat' dir='ltr'>ctiam</span> <span class='ocrx_word' id='word_1_249' title='bbox 806 3964 888 4049; x_wconf 90' lang='lat' dir='ltr'>ipsis</span> <span class='ocrx_word' id='word_1_250' title='bbox 905 3967 1090 4046; x_wconf 90' lang='lat' dir='ltr'>remittere,</span> <span class='ocrx_word' id='word_1_251' title='bbox 1107 3973 1135 4032; x_wconf 89' lang='lat' dir='ltr'>si</span> <span class='ocrx_word' id='word_1_252' title='bbox 1153 3968 1216 4034; x_wconf 93' lang='lat' dir='ltr'>sibi</span> <span class='ocrx_word' id='word_1_253' title='bbox 1234 3989 1306 4034; x_wconf 92' lang='lat' dir='ltr'>ma-</span> 
     </span>
    </p>
   </div>
   <div class='ocr_carea' id='block_1_7' title="bbox 0 0 1528 4444">
    <p class='ocr_par' dir='ltr' id='par_1_12' title="bbox 0 0 1528 4444">
     <span class='ocr_line' id='line_1_34' title="bbox 0 0 1528 4444; baseline 0 2"><span class='ocrx_word' id='word_1_254' title='bbox 0 0 1528 4444; x_wconf 95' lang='lat' dir='ltr'> </span> 
     </span>
    </p>
   </div>
  </div>
 </body>
</html>
