3048 4444
265 365 322 444 198
644 367 757 419 BELLI
784 368 941 420 GALLICI

262 545 324 605 rex
347 539 610 628 Nitiobrogum,
631 545 747 611 subita
769 546 803 609 in
825 547 1048 612 tabernacula
1069 567 1266 630 oppressus
1289 555 1326 611 ut

263 648 405 715 meridia
431 651 688 734 conquiaverat‚
715 653 892 738 superiare
919 667 1015 738 parte
1041 653 1196 738 corporis
1223 655 1326 731 nuda,

261 760 443 826 vulnerata
466 767 569 845 equa,
591 761 650 827 vix
672 768 708 828 sa
729 784 774 828 ex
795 763 954 828 manibus
976 762 1217 847 praedantium
1239 763 1326 828 mlli-

262 880 337 934 tum
357 868 514 955 eriperet.

470 1075 498 1130 Τ
493 1074 530 1130 ke
545 1093 630 1148 army
647 1079 674 1131 is
690 1095 777 1150 eager
794 1084 823 1132 to
840 1078 951 1132 assault
968 1077 1016 1132 the
1032 1084 1117 1134 town.

200 1215 243 1285 47
332 1207 550 1275 Cansect'rtus
571 1209 605 1273 id
626 1210 721 1294 quod
741 1211 859 1276 anima
879 1216 1108 1295 praposuerat
1131 1209 1255 1276 Caesar
1276 1233 1327 1276 re-

261 1324 378 1402 ceptui
393 1325 469 1384 cani
484 1318 592 1398 iussit,
607 1318 824 1403 legibnisque
840 1338 876 1396 Χ,
892 1325 1042 1403 quacum
1058 1330 1141 1397 erat,
1158 1319 1327 1384 continua

262 1433 362 1511 signa
389 1428 630 1493 canstitarunt.
679 1428 728 1493 At
756 1427 965 1512 reliquarum
995 1428 1173 1512 legianum
1201 1428 1327 1493 militas

261 1541 331 1601 nan
350 1537 472 1602 audita
491 1542 579 1602 sona
599 1536 714 1615 tubae,
733 1537 829 1622 quod
848 1537 932 1603 satis
952 1542 1079 1622 magua
1098 1537 1203 1603 vallas
1221 1537 1324 1602 inter-

261 1646 416 1724 cadabat,
435 1657 550 1712 tamen
568 1653 589 1712 a
605 1646 752 1712 tribfinis
770 1644 920 1711 militum
937 1645 1141 1731 legatisque,
1161 1657 1198 1711 ut
1217 1657 1288 1711 erat
1305 1651 1326 1711 a

210 1783 241 1820 ro
262 1754 406 1822 Caesare
431 1766 665 1841 praeceptum,
691 1756 937 1822 retinabantur.
988 1754 1056 1821 Sed
1082 1755 1162 1820 alati
1187 1761 1248 1839 spa
1272 1776 1326 1820 ce·

260 1864 338 1929 leris
351 1863 515 1931 victariae
530 1875 564 1930 et
578 1865 731 1930 hostium
746 1864 830 1949 iuga
844 1876 878 1930 et
893 1864 1111 1948 superiarum
1126 1874 1326 1948 temporum

261 1975 420 2040 secundis
439 1974 588 2058 proeliis,
608 1975 690 2039 nihil
710 1975 797 2040 adea
816 1974 962 2040 arduum
983 1972 1047 2038 sibi
1068 1973 1325 2050 existimabant,

260 2083 355 2166 quod
374 2090 445 2149 nan
464 2083 592 2149 virtute
611 2089 776 2167 cansequi
795 2093 952 2167 possent;
973 2103 1086 2166 neque
1105 2081 1211 2147 smem
1231 2082 1325 2165 prius

259 2193 426 2277 sequendi
443 2192 609 2269 fecarunt,
626 2213 731 2277 quam
747 2197 849 2257 mirra
866 2191 986 2276 oppidi
1004 2195 1183 2276 portisque
1201 2191 1326 2276 adpro-

209 2331 237 2380 ις
260 2302 481 2386 pinquarunt.

328 2411 419 2476 Tum
438 2417 520 2476 vara
538 2433 582 2477 ex
599 2410 762 2476 omnibus
780 2410 873 2476 urbis
891 2411 1046 2495 partibus
1064 2418 1143 2478 orta
1162 2413 1324 2490 clamare,

259 2527 319 2605 qui
340 2519 478 2605 longius
499 2520 641 2586 aberant
661 2526 843 2604 repentina
865 2522 1017 2586 tumultt'r
1040 2521 1222 2606 perterriti,
1244 2505 1325 2588 cuni

260 2630 397 2695 hostem
423 2629 513 2695 intra
539 2636 657 2713 portas
683 2651 756 2695 esse
782 2630 1032 2708 existimarent,
1059 2639 1096 2697 sa
1122 2655 1165 2697 ex
1192 2631 1324 2715 oppida

258 2736 445 2805 aiacerunt.
486 2739 621 2804 Matres
635 2737 782 2806 iamiliae
798 2738 841 2806 da
856 2746 957 2806 mura
972 2751 1105 2806 vestem
1122 2753 1324 2824 argentum-

208 2876 240 2913 20
257 2869 325 2931 que
339 2848 562 2924 iactabant,et
576 2858 716 2931 pectore
731 2850 826 2913 nirda
841 2850 1203 2932 praminentaspassis
1217 2848 1325 2916 mani-

258 2958 322 3023 bus
338 2957 602 3023 obtestabantur
617 2958 798 3024 Ramanas
814 2971 850 3024 ut
866 2958 929 3023 sibi
946 2969 1125 3043 parcerent
1142 2980 1220 3036 neu,
1236 2966 1325 3025 sicut

261 3067 399 3133 Avarici
414 3067 584 3145 iecissent,
602 3074 645 3133 na
660 3074 680 3134 a
694 3068 895 3134 mulieribus
910 3067 1051 3151 quidem
1068 3080 1172 3152 atque
1188 3068 1324 3133 inianti-

261 3177 326 3242 bus
350 3177 576 3255 abstinarent3
603 3183 674 3242 nan
700 3177 813 3241 millae
838 3175 881 3240 da
907 3181 1007 3241 mirra
1033 3198 1094 3260 per
1119 3183 1241 3242 mamis
1267 3177 1325 3241 de-

261 3286 384 3352 missae
408 3292 482 3352 sasa
505 3285 671 3351 militibus
694 3284 887 3350 tradebant.
938 3285 977 3349 L.
1005 3285 1143 3362 Fabius,
1168 3285 1325 3351 centuria

209 3427 239 3476 2⁵
261 3395 408 3481 legianis
431 3413 515 3471 v111,
539 3415 643 3480 quem
669 3392 759 3459 inter
783 3399 864 3458 suas
888 3399 931 3458 ea
956 3393 1011 3460 die
1036 3393 1164 3461 dixisse
1189 3400 1325 3460 cansta-

260 3507 317 3572 bat
336 3505 481 3572 excitari
499 3511 535 3570 sa
554 3503 822 3569 Avaricansibus
841 3503 1011 3586 praemiis,
1031 3525 1144 3588 neque
1164 3503 1325 3569 commis·

259 3619 378 3679 sarum
397 3623 435 3678 ut
454 3611 548 3696 prius
565 3609 749 3694 quisquam
767 3615 905 3675 marum
925 3610 1136 3688 ascenderet,
1156 3617 1225 3676 tras
1244 3617 1325 3676 suas

259 3733 382 3789 nactus
412 3721 642 3805 manipularas
673 3729 777 3803 atque
807 3720 849 3784 ab
879 3725 927 3784 eis
957 3719 1157 3785 sublevatus
1187 3725 1325 3785 murum

260 3831 430 3911 ascendit;
467 3831 531 3896 has
555 3829 628 3914 ipse
653 3833 770 3894 rirrsus
795 3827 951 3912 singulas
976 3835 1165 3913 exceptans
1191 3829 1225 3894 in
1251 3835 1326 3894 mir-

209 3969 242 4018 ³0
260 3963 337 4008 rum
355 3940 490 4008 extulit.
