3044 4442
282 316 322 376 88
668 312 781 365 BELLI
807 311 965 366 GALLlCl

362 537 453 592 When
465 554 565 608 envoys
575 553 651 590 come
661 536 735 589 with
748 553 787 590 an
800 535 925 607 apology‚
941 537 1049 591 Caesar
1060 538 1173 592 detaim
1184 517 1269 594 them.

225 661 265 726 13
293 703 296 710 .
357 650 438 716 Hoc
464 651 555 716 facto
579 649 713 735 proelio
738 649 864 716 Caesar
889 673 1002 735 neque
1028 652 1095 717 iam
1123 651 1187 716 sibi
1213 653 1347 738 legatos

284 759 475 825 audiendos
498 781 610 844 neque
633 759 856 827 condiciones
877 760 1095 845 accipiendis
1116 760 1348 828 arbitrabitur

283 868 327 934 ab
348 875 408 947 eis,
429 875 488 952 qui
509 890 570 953 per
590 870 712 936 dolum
731 881 836 956 atque
855 870 996 936 insidiis
1016 876 1126 955 petiti
1147 876 1232 954 pice
1255 872 1346 936 ultro

282 979 411 1045 bellurn
431 978 641 1058 intulissent;
666 986 869 1064 exspectzire
890 986 984 1058 vero,
1006 979 1090 1045 dum
1113 980 1267 1047 hostium
1289 987 1345 1047 co-

247 1089 359 1173 spiae
391 1095 603 1173 augerentur
636 1089 881 1172 equititusque
915 1095 1155 1168 reverteretur,
1190 1111 1345 1156 summae

280 1197 475 1263 dementiae
492 1218 566 1264 esse
582 1197 770 1276 indicabam
795 1207 830 1263 et
847 1197 990 1283 cogniti
1007 1197 1187 1266 Gallorum
1203 1199 1344 1264 infirmi-

281 1313 362 1384 tite,
382 1316 551 1389 quantum
571 1305 639 1370 iam
657 1305 749 1389 apud
768 1312 829 1372 eos
847 1307 965 1371 hostes
984 1312 1055 1371 tino
1074 1306 1208 1390 proelio
1227 1314 1345 1373 aueto-

279 1415 389 1481 rititis
417 1425 531 1480 essent
559 1419 738 1480 consecuti
765 1415 950 1492 sentiebam
978 1414 1103 1499 quibus
1132 1416 1175 1480 ad
1204 1415 1346 1482 consilia

280 1524 446 1609 capienda
460 1523 544 1589 nihil
558 1529 646 1607 spati
661 1523 815 1588 dandum
831 1524 1061 1590 existimabat.

231 1664 262 1701 ιο
349 1633 416 1698 His
443 1630 648 1699 constitutis
676 1631 779 1698 rebus
806 1641 842 1698 et
871 1631 1016 1697 consilio
1045 1654 1125 1698 cum
1152 1633 1278 1719 legitis
1307 1643 1341 1700 et

277 1748 461 1831 quaestore
484 1741 755 1821 communicato,
778 1747 947 1825 nequem
970 1740 1062 1807 diem
1086 1747 1225 1826 pugnae
1248 1763 1343 1826 prae-

276 1853 493 1930 termitteret,
514 1850 810 1935 opportunissima
831 1857 884 1916 res
904 1850 1039 1930 accidit,
1060 1852 1156 1935 quod
1177 1852 1343 1936 postridie

277 1960 351 2028 eius
377 1961 444 2027 dier
470 1967 572 2026 mine
598 1960 719 2026 eidem
746 1971 781 2025 et
809 1960 1031 2028 simulatione
1058 1973 1093 2027 et
1122 1963 1264 2046 perfidiai
1290 1969 1342 2029 usi

276 2069 440 2136 Germani
458 2069 656 2154 frequentes
674 2070 836 2135 omnibus
855 2070 1067 2155 principibus
1085 2071 1342 2157 maioribusque

229 2212 258 2260 15
277 2187 360 2248 nitu
375 2178 549 2260 adhibito,
564 2181 608 2246 ad
624 2202 703 2246 eum
718 2180 754 2246 in
769 2191 883 2246 castra
898 2187 1067 2246 venerunt
1076 2203 1085 2259 ;
1110 2180 1221 2260 simul,
1239 2191 1277 2248 ut
1293 2183 1342 2248 di-

276 2292 428 2371 cebzitur,
452 2291 626 2378 purgandi
647 2298 700 2357 sui
722 2297 834 2370 causei,
858 2292 953 2376 quod
976 2298 1101 2359 contri
1123 2302 1229 2378 atque
1251 2304 1340 2360 esset

275 2402 407 2470 dictum
425 2414 459 2468 et
476 2402 541 2487 ipsi
560 2408 737 2487 petissent,
756 2401 925 2486 proelium
945 2402 1054 2487 pridie
1073 2402 1342 2480 commisissent;

276 2512 377 2578 simul
395 2523 445 2590 ut,
465 2517 493 2577 si
510 2513 593 2597 quid
611 2523 765 2597 possent,
785 2512 828 2578 de
847 2511 991 2579 indutiis
1009 2514 1159 2580 fallendo
1178 2514 1340 2600 impetri-

278 2633 363 2688 rent.
414 2621 516 2706 Quos
540 2622 602 2687 sibi
629 2621 754 2687 Caesar
779 2621 916 2687 oblitos
940 2628 1079 2706 grivisus
1105 2623 1179 2687 illos
1204 2623 1342 2688 retineri

227 2764 259 2800 πο
276 2733 388 2812 iussit;
409 2733 482 2819 ipse
502 2740 624 2799 omnes
644 2734 762 2817 copiis
783 2739 902 2798 castris
923 2733 1044 2798 eduxit
1066 2732 1340 2816 equititumque,

277 2842 371 2927 quod
407 2849 537 2908 recenti
573 2843 705 2926 proelio
740 2841 962 2926 perterritum
999 2863 1072 2908 esse
1108 2841 1340 2920 existimabat,

277 2972 404 3036 agmen
429 2951 593 3034 subsequi
617 2949 724 3016 iussit.

548 3122 622 3176 And
629 3125 772 3193 surprises
784 3123 832 3178 the
845 3124 971 3178 German
982 3127 1075 3195 camp.

219 3256 259 3321 14
344 3239 431 3305 Acie
445 3237 570 3323 triplici
584 3238 743 3306 institutit
759 3250 793 3305 et
810 3239 966 3305 celeriter
981 3259 1053 3304 vm
1070 3239 1203 3304 milium
1220 3238 1341 3304 itinere

276 3349 447 3427 confecto,
467 3347 561 3433 prius
580 3349 622 3415 ad
642 3348 796 3414 hostium
814 3359 925 3415 castra
944 3347 1100 3432 pervenit
1121 3366 1236 3430 quarn,
1257 3345 1340 3430 quid

225 3484 256 3534 ²5
274 3464 445 3543 ageretur,
462 3457 626 3525 Gernnini
641 3465 767 3525 sentire
781 3467 934 3542 possent.
974 3455 1046 3540 Qui
1061 3454 1224 3521 omnibus
1238 3458 1341 3522 rebus

276 3564 392 3631 subito
417 3565 599 3650 perterriti,
626 3575 659 3631 et
685 3564 859 3629 celeritite
883 3563 1051 3629 adventus
1077 3568 1188 3627 nostri
1213 3575 1246 3628 et
1273 3563 1340 3628 dis-

274 3681 371 3741 cessit
390 3680 544 3751 suorum,
565 3695 677 3758 neque
696 3673 817 3738 consili
836 3671 984 3737 habendi
1003 3691 1116 3756 neque
1135 3692 1231 3736 arma
1249 3671 1340 3756 capi-

275 3784 355 3850 endi
375 3784 487 3868 spatio
509 3784 591 3849 dato
612 3781 868 3867 perturbantur,
890 3781 1053 3866 copiisne
1075 3781 1239 3848 adversus
1261 3783 1340 3848 hos·

274 3903 345 3970 tem
362 3894 487 3958 ducere
504 3913 548 3968 an
566 3901 676 3966 castra
693 3889 878 3959 defendere
895 3912 938 3956 an
957 3890 1040 3988 fugit
1058 3891 1204 3957 saltitem
1223 3901 1352 3985 petere⁸
