<?xml version="1.0" encoding="UTF-8"?>
<!DOCTYPE html PUBLIC "-//W3C//DTD XHTML 1.0 Transitional//EN"
    "http://www.w3.org/TR/xhtml1/DTD/xhtml1-transitional.dtd">
<html xmlns="http://www.w3.org/1999/xhtml" xml:lang="en" lang="en">
 <head>
  <title>
</title>
<meta http-equiv="Content-Type" content="text/html;charset=utf-8" />
  <meta name='ocr-system' content='tesseract 3.04.00' />
  <meta name='ocr-capabilities' content='ocr_page ocr_carea ocr_par ocr_line ocrx_word'/>
</head>
<body>
  <div class='ocr_page' id='page_1' title='image "./civlicaesarisde00westgoog_0180.png"; bbox 0 0 3044 4442; ppageno 0'>
   <div class='ocr_carea' id='block_1_1' title="bbox 253 369 1039 454">
    <p class='ocr_par' dir='ltr' id='par_1_1' title="bbox 253 369 1039 454">
     <span class='ocr_line' id='line_1_1' title="bbox 253 369 1039 454; baseline 0.001 -28"><span class='ocrx_word' id='word_1_1' title='bbox 253 377 293 454; x_wconf 76' lang='lat'>73</span> <span class='ocrx_word' id='word_1_2' title='bbox 642 372 755 426; x_wconf 73' lang='lat' dir='ltr'>snm</span> <span class='ocrx_word' id='word_1_3' title='bbox 782 373 941 427; x_wconf 70' lang='lat' dir='ltr'>sattim</span> <span class='ocrx_word' id='word_1_4' title='bbox 1036 369 1039 376; x_wconf 82' lang='lat'>&#39;</span> 
     </span>
    </p>
   </div>
   <div class='ocr_carea' id='block_1_2' title="bbox 220 551 1322 1182">
    <p class='ocr_par' dir='ltr' id='par_1_2' title="bbox 256 551 1322 947">
     <span class='ocr_line' id='line_1_2' title="bbox 256 551 1322 638; baseline -0.001 -21"><span class='ocrx_word' id='word_1_5' title='bbox 256 552 398 618; x_wconf 78' lang='lat' dir='ltr'>trionem</span> <span class='ocrx_word' id='word_1_6' title='bbox 415 552 648 637; x_wconf 82' lang='lat' dir='ltr'>pugnantium</span> <span class='ocrx_word' id='word_1_7' title='bbox 667 554 884 638; x_wconf 76' lang='lat' dir='ltr'>praeborent;</span> <span class='ocrx_word' id='word_1_8' title='bbox 903 574 983 618; x_wconf 92' lang='lat' dir='ltr'>cum</span> <span class='ocrx_word' id='word_1_9' title='bbox 1001 552 1084 618; x_wconf 86' lang='lat' dir='ltr'>item</span> <span class='ocrx_word' id='word_1_10' title='bbox 1103 552 1146 618; x_wconf 88' lang='lat' dir='ltr'>ab</span> <span class='ocrx_word' id='word_1_11' title='bbox 1164 551 1322 618; x_wconf 89' lang='lat' dir='ltr'>hostibus</span> 
     </span>
     <span class='ocr_line' id='line_1_3' title="bbox 257 662 1320 748; baseline 0.002 -22"><span class='ocrx_word' id='word_1_12' title='bbox 257 668 458 727; x_wconf 89' lang='lat' dir='ltr'>constanter</span> <span class='ocrx_word' id='word_1_13' title='bbox 478 669 519 727; x_wconf 78' lang='lat' dir='ltr'>oc</span> <span class='ocrx_word' id='word_1_14' title='bbox 540 668 612 727; x_wconf 92' lang='lat' dir='ltr'>non</span> <span class='ocrx_word' id='word_1_15' title='bbox 633 662 754 729; x_wconf 68' lang='lat' dir='ltr'>timido</span> <span class='ocrx_word' id='word_1_16' title='bbox 777 669 993 748; x_wconf 75' lang='lat' dir='ltr'>pognorotur</span> <span class='ocrx_word' id='word_1_17' title='bbox 1014 664 1151 747; x_wconf 75' lang='lat' dir='ltr'>tolaque</span> <span class='ocrx_word' id='word_1_18' title='bbox 1174 685 1218 729; x_wconf 87' lang='lat' dir='ltr'>ex</span> <span class='ocrx_word' id='word_1_19' title='bbox 1240 663 1320 728; x_wconf 93' lang='lat' dir='ltr'>loco</span> 
     </span>
     <span class='ocr_line' id='line_1_4' title="bbox 256 769 1320 855; baseline 0 -19"><span class='ocrx_word' id='word_1_20' title='bbox 256 769 434 855; x_wconf 70' lang='lat' dir='ltr'>superisne</span> <span class='ocrx_word' id='word_1_21' title='bbox 447 770 551 837; x_wconf 88' lang='lat' dir='ltr'>missa</span> <span class='ocrx_word' id='word_1_22' title='bbox 566 776 637 836; x_wconf 93' lang='lat' dir='ltr'>non</span> <span class='ocrx_word' id='word_1_23' title='bbox 652 770 779 837; x_wconf 74' lang='lat' dir='ltr'>frostro</span> <span class='ocrx_word' id='word_1_24' title='bbox 792 771 998 850; x_wconf 87' lang='lat' dir='ltr'>acciderent,</span> <span class='ocrx_word' id='word_1_25' title='bbox 1014 771 1147 854; x_wconf 71' lang='lat' dir='ltr'>equitos</span> <span class='ocrx_word' id='word_1_26' title='bbox 1163 771 1320 836; x_wconf 90' lang='lat' dir='ltr'>circumi-</span> 
     </span>
     <span class='ocr_line' id='line_1_5' title="bbox 257 879 1320 947; baseline -0.001 -2"><span class='ocrx_word' id='word_1_27' title='bbox 257 887 301 945; x_wconf 89' lang='lat' dir='ltr'>tis</span> <span class='ocrx_word' id='word_1_28' title='bbox 324 879 477 945; x_wconf 90' lang='lat' dir='ltr'>hostium</span> <span class='ocrx_word' id='word_1_29' title='bbox 501 886 621 944; x_wconf 85' lang='lat' dir='ltr'>castris</span> <span class='ocrx_word' id='word_1_30' title='bbox 645 879 770 946; x_wconf 91' lang='lat' dir='ltr'>Crasso</span> <span class='ocrx_word' id='word_1_31' title='bbox 794 879 1079 946; x_wconf 71' lang='lat' dir='ltr'>renontiovorunt</span> <span class='ocrx_word' id='word_1_32' title='bbox 1103 887 1173 946; x_wconf 92' lang='lat' dir='ltr'>non</span> <span class='ocrx_word' id='word_1_33' title='bbox 1198 881 1320 947; x_wconf 79' lang='lat' dir='ltr'>eodem</span> 
     </span>
    </p>

    <p class='ocr_par' dir='ltr' id='par_1_3' title="bbox 220 988 1319 1182">
     <span class='ocr_line' id='line_1_6' title="bbox 220 988 1319 1073; baseline 0 -19"><span class='ocrx_word' id='word_1_34' title='bbox 220 1012 233 1063; x_wconf 83' lang='lat'><strong>5</strong></span> <span class='ocrx_word' id='word_1_35' title='bbox 258 1010 331 1055; x_wconf 91' lang='lat' dir='ltr'>esse</span> <span class='ocrx_word' id='word_1_36' title='bbox 358 988 537 1073; x_wconf 82' lang='lat' dir='ltr'>diligentio</span> <span class='ocrx_word' id='word_1_37' title='bbox 561 988 605 1054; x_wconf 92' lang='lat' dir='ltr'>ab</span> <span class='ocrx_word' id='word_1_38' title='bbox 632 988 825 1054; x_wconf 77' lang='lat' dir='ltr'>decumano</span> <span class='ocrx_word' id='word_1_39' title='bbox 851 995 952 1073; x_wconf 78' lang='lat' dir='ltr'>porto</span> <span class='ocrx_word' id='word_1_40' title='bbox 977 999 1089 1054; x_wconf 91' lang='lat' dir='ltr'>castra</span> <span class='ocrx_word' id='word_1_41' title='bbox 1113 994 1247 1054; x_wconf 81' lang='lat' dir='ltr'>monita</span> <span class='ocrx_word' id='word_1_42' title='bbox 1272 988 1319 1054; x_wconf 90' lang='lat' dir='ltr'>la-</span> 
     </span>
     <span class='ocr_line' id='line_1_7' title="bbox 255 1097 726 1182; baseline 0.002 -19"><span class='ocrx_word' id='word_1_43' title='bbox 255 1098 425 1182; x_wconf 89' lang='lat' dir='ltr'>cilemque</span> <span class='ocrx_word' id='word_1_44' title='bbox 440 1097 573 1164; x_wconf 88' lang='lat' dir='ltr'>aditum</span> <span class='ocrx_word' id='word_1_45' title='bbox 590 1098 726 1164; x_wconf 73' lang='lat' dir='ltr'>habore.</span> 
     </span>
    </p>
   </div>
   <div class='ocr_carea' id='block_1_3' title="bbox 419 1286 1153 1360">
    <p class='ocr_par' dir='ltr' id='par_1_4' title="bbox 419 1286 1153 1360">
     <span class='ocr_line' id='line_1_8' title="bbox 419 1286 1153 1360; baseline 0.003 -19"><span class='ocrx_word' id='word_1_46' title='bbox 419 1287 481 1341; x_wconf 79' lang='lat' dir='ltr'>But</span> <span class='ocrx_word' id='word_1_47' title='bbox 492 1305 545 1341; x_wconf 82' lang='lat' dir='ltr'>are</span> <span class='ocrx_word' id='word_1_48' title='bbox 556 1293 590 1340; x_wconf 84' lang='lat' dir='ltr'>at</span> <span class='ocrx_word' id='word_1_49' title='bbox 600 1287 658 1341; x_wconf 85' lang='lat' dir='ltr'>last</span> <span class='ocrx_word' id='word_1_50' title='bbox 661 1286 772 1359; x_wconf 80' lang='lat' dir='ltr'>forced</span> <span class='ocrx_word' id='word_1_51' title='bbox 780 1292 808 1341; x_wconf 86' lang='lat' dir='ltr'>to</span> <span class='ocrx_word' id='word_1_52' title='bbox 813 1287 960 1360; x_wconf 75' lang='lat' dir='ltr'>fleefrom</span> <span class='ocrx_word' id='word_1_53' title='bbox 973 1287 1052 1342; x_wconf 78' lang='lat' dir='ltr'>their</span> <span class='ocrx_word' id='word_1_54' title='bbox 1062 1290 1153 1359; x_wconf 76' lang='lat' dir='ltr'>camp.</span> 
     </span>
    </p>
   </div>
   <div class='ocr_carea' id='block_1_4' title="bbox 193 1417 1319 3359">
    <p class='ocr_par' dir='ltr' id='par_1_5' title="bbox 193 1417 1319 1722">
     <span class='ocr_line' id='line_1_9' title="bbox 193 1417 1318 1505; baseline 0.001 -22"><span class='ocrx_word' id='word_1_55' title='bbox 193 1428 236 1492; x_wconf 85' lang='lat'>26</span> <span class='ocrx_word' id='word_1_56' title='bbox 327 1417 470 1485; x_wconf 89' lang='lat' dir='ltr'>Crassus</span> <span class='ocrx_word' id='word_1_57' title='bbox 493 1420 650 1504; x_wconf 87' lang='lat' dir='ltr'>equitum</span> <span class='ocrx_word' id='word_1_58' title='bbox 675 1418 869 1504; x_wconf 80' lang='lat' dir='ltr'>praefectos</span> <span class='ocrx_word' id='word_1_59' title='bbox 893 1421 1096 1486; x_wconf 80' lang='lat' dir='ltr'>cohortotus</span> <span class='ocrx_word' id='word_1_60' title='bbox 1119 1431 1157 1486; x_wconf 93' lang='lat' dir='ltr'>ut</span> <span class='ocrx_word' id='word_1_61' title='bbox 1182 1426 1318 1505; x_wconf 79' lang='lat' dir='ltr'>magnis</span> 
     </span>
     <span class='ocr_line' id='line_1_10' title="bbox 255 1517 1319 1614; baseline 0.003 -24"><span class='ocrx_word' id='word_1_62' title='bbox 255 1517 416 1611; x_wconf 83' lang='lat' dir='ltr'>praemiis</span> <span class='ocrx_word' id='word_1_63' title='bbox 432 1529 809 1612; x_wconf 80' lang='lat' dir='ltr'>pollicitationibusque</span> <span class='ocrx_word' id='word_1_64' title='bbox 826 1535 908 1594; x_wconf 91' lang='lat' dir='ltr'>suos</span> <span class='ocrx_word' id='word_1_65' title='bbox 925 1528 1127 1607; x_wconf 80' lang='lat' dir='ltr'>excitorent‚</span> <span class='ocrx_word' id='word_1_66' title='bbox 1145 1529 1227 1614; x_wconf 90' lang='lat' dir='ltr'>quid</span> <span class='ocrx_word' id='word_1_67' title='bbox 1245 1527 1319 1594; x_wconf 87' lang='lat' dir='ltr'>fieri</span> 
     </span>
     <span class='ocr_line' id='line_1_11' title="bbox 256 1637 1318 1722; baseline 0.001 -21"><span class='ocrx_word' id='word_1_68' title='bbox 256 1638 358 1703; x_wconf 89' lang='lat' dir='ltr'>vellet</span> <span class='ocrx_word' id='word_1_69' title='bbox 384 1639 544 1705; x_wconf 83' lang='lat' dir='ltr'>ostendit.</span> <span class='ocrx_word' id='word_1_70' title='bbox 595 1639 659 1717; x_wconf 87' lang='lat' dir='ltr'>llli,</span> <span class='ocrx_word' id='word_1_71' title='bbox 685 1649 722 1704; x_wconf 91' lang='lat' dir='ltr'>ut</span> <span class='ocrx_word' id='word_1_72' title='bbox 748 1649 819 1705; x_wconf 88' lang='lat' dir='ltr'>erat</span> <span class='ocrx_word' id='word_1_73' title='bbox 846 1637 1066 1722; x_wconf 77' lang='lat' dir='ltr'>imperatum,</span> <span class='ocrx_word' id='word_1_74' title='bbox 1092 1638 1244 1704; x_wconf 73' lang='lat' dir='ltr'>dovectis</span> <span class='ocrx_word' id='word_1_75' title='bbox 1270 1644 1318 1704; x_wconf 90' lang='lat' dir='ltr'>eis</span> 
     </span>
    </p>

    <p class='ocr_par' dir='ltr' id='par_1_6' title="bbox 205 1747 1318 2268">
     <span class='ocr_line' id='line_1_12' title="bbox 205 1747 1318 1832; baseline 0.005 -26"><span class='ocrx_word' id='word_1_76' title='bbox 205 1771 236 1807; x_wconf 85' lang='grc' dir='ltr'>ιο</span> <span class='ocrx_word' id='word_1_77' title='bbox 257 1747 470 1825; x_wconf 72' lang='lat' dir='ltr'>cohortibus</span> <span class='ocrx_word' id='word_1_78' title='bbox 496 1769 583 1832; x_wconf 88' lang='lat' dir='ltr'>quae</span> <span class='ocrx_word' id='word_1_79' title='bbox 610 1748 780 1832; x_wconf 89' lang='lat' dir='ltr'>praesidio</span> <span class='ocrx_word' id='word_1_80' title='bbox 807 1754 927 1814; x_wconf 90' lang='lat' dir='ltr'>castris</span> <span class='ocrx_word' id='word_1_81' title='bbox 951 1748 1089 1815; x_wconf 86' lang='lat' dir='ltr'>relictae</span> <span class='ocrx_word' id='word_1_82' title='bbox 1113 1747 1250 1814; x_wconf 80' lang='lat' dir='ltr'>intritae</span> <span class='ocrx_word' id='word_1_83' title='bbox 1275 1749 1318 1813; x_wconf 89' lang='lat' dir='ltr'>ab</span> 
     </span>
     <span class='ocr_line' id='line_1_13' title="bbox 257 1839 1318 1942; baseline 0.001 -23"><span class='ocrx_word' id='word_1_84' title='bbox 257 1854 373 1922; x_wconf 87' lang='lat' dir='ltr'>labore</span> <span class='ocrx_word' id='word_1_85' title='bbox 399 1839 506 1934; x_wconf 86' lang='lat' dir='ltr'>erant,</span> <span class='ocrx_word' id='word_1_86' title='bbox 531 1867 565 1922; x_wconf 89' lang='lat' dir='ltr'>et</span> <span class='ocrx_word' id='word_1_87' title='bbox 590 1857 750 1942; x_wconf 84' lang='lat' dir='ltr'>longiore</span> <span class='ocrx_word' id='word_1_88' title='bbox 774 1857 895 1924; x_wconf 89' lang='lat' dir='ltr'>itinere</span> <span class='ocrx_word' id='word_1_89' title='bbox 921 1856 1178 1935; x_wconf 69' lang='lat' dir='ltr'>circumductis</span> <span class='ocrx_word' id='word_1_90' title='bbox 1205 1863 1249 1923; x_wconf 72' lang='lat' dir='ltr'>no</span> <span class='ocrx_word' id='word_1_91' title='bbox 1273 1878 1318 1922; x_wconf 88' lang='lat' dir='ltr'>ex</span> 
     </span>
     <span class='ocr_line' id='line_1_14' title="bbox 254 1965 1318 2050; baseline 0 -21"><span class='ocrx_word' id='word_1_92' title='bbox 254 1965 408 2029; x_wconf 92' lang='lat' dir='ltr'>hostiurn</span> <span class='ocrx_word' id='word_1_93' title='bbox 424 1971 542 2031; x_wconf 89' lang='lat' dir='ltr'>castris</span> <span class='ocrx_word' id='word_1_94' title='bbox 557 1966 711 2050; x_wconf 89' lang='lat' dir='ltr'>conspici</span> <span class='ocrx_word' id='word_1_95' title='bbox 726 1977 878 2050; x_wconf 87' lang='lat' dir='ltr'>possent,</span> <span class='ocrx_word' id='word_1_96' title='bbox 895 1966 1053 2031; x_wconf 89' lang='lat' dir='ltr'>omnium</span> <span class='ocrx_word' id='word_1_97' title='bbox 1068 1966 1178 2031; x_wconf 90' lang='lat' dir='ltr'>oculis</span> <span class='ocrx_word' id='word_1_98' title='bbox 1195 1965 1318 2031; x_wconf 88' lang='lat' dir='ltr'>menti-</span> 
     </span>
     <span class='ocr_line' id='line_1_15' title="bbox 253 2072 1316 2159; baseline 0 -22"><span class='ocrx_word' id='word_1_99' title='bbox 253 2072 387 2158; x_wconf 90' lang='lat' dir='ltr'>busque</span> <span class='ocrx_word' id='word_1_100' title='bbox 404 2075 447 2139; x_wconf 93' lang='lat' dir='ltr'>ad</span> <span class='ocrx_word' id='word_1_101' title='bbox 466 2080 620 2159; x_wconf 84' lang='lat' dir='ltr'>pognam</span> <span class='ocrx_word' id='word_1_102' title='bbox 639 2073 793 2153; x_wconf 88' lang='lat' dir='ltr'>intentis,</span> <span class='ocrx_word' id='word_1_103' title='bbox 814 2073 969 2139; x_wconf 88' lang='lat' dir='ltr'>celeriter</span> <span class='ocrx_word' id='word_1_104' title='bbox 986 2074 1029 2139; x_wconf 90' lang='lat' dir='ltr'>ad</span> <span class='ocrx_word' id='word_1_105' title='bbox 1048 2079 1105 2139; x_wconf 78' lang='lat' dir='ltr'>eos</span> <span class='ocrx_word' id='word_1_106' title='bbox 1125 2080 1211 2157; x_wconf 79' lang='lat' dir='ltr'>quas</span> <span class='ocrx_word' id='word_1_107' title='bbox 1229 2073 1316 2139; x_wconf 87' lang='lat' dir='ltr'>dixi-</span> 
     </span>
     <span class='ocr_line' id='line_1_16' title="bbox 254 2181 1316 2268; baseline -0.002 -20"><span class='ocrx_word' id='word_1_108' title='bbox 254 2204 331 2248; x_wconf 89' lang='lat' dir='ltr'>mus</span> <span class='ocrx_word' id='word_1_109' title='bbox 353 2183 566 2248; x_wconf 78' lang='lat' dir='ltr'>munitiones</span> <span class='ocrx_word' id='word_1_110' title='bbox 589 2189 819 2268; x_wconf 73' lang='lat' dir='ltr'>pervonorunt</span> <span class='ocrx_word' id='word_1_111' title='bbox 843 2192 949 2267; x_wconf 89' lang='lat' dir='ltr'>atque</span> <span class='ocrx_word' id='word_1_112' title='bbox 971 2183 1024 2248; x_wconf 89' lang='lat' dir='ltr'>his</span> <span class='ocrx_word' id='word_1_113' title='bbox 1047 2188 1200 2267; x_wconf 89' lang='lat' dir='ltr'>prorutis</span> <span class='ocrx_word' id='word_1_114' title='bbox 1223 2181 1316 2266; x_wconf 91' lang='lat' dir='ltr'>prius</span> 
     </span>
    </p>

    <p class='ocr_par' dir='ltr' id='par_1_7' title="bbox 203 2291 1317 2815">
     <span class='ocr_line' id='line_1_17' title="bbox 203 2291 1316 2377; baseline -0.004 -16"><span class='ocrx_word' id='word_1_115' title='bbox 203 2310 232 2361; x_wconf 83' lang='lat'>15</span> <span class='ocrx_word' id='word_1_116' title='bbox 254 2293 287 2356; x_wconf 93' lang='lat' dir='ltr'>in</span> <span class='ocrx_word' id='word_1_117' title='bbox 303 2293 455 2358; x_wconf 89' lang='lat' dir='ltr'>hostium</span> <span class='ocrx_word' id='word_1_118' title='bbox 468 2299 587 2358; x_wconf 89' lang='lat' dir='ltr'>castris</span> <span class='ocrx_word' id='word_1_119' title='bbox 600 2292 829 2358; x_wconf 76' lang='lat' dir='ltr'>constitorunt</span> <span class='ocrx_word' id='word_1_120' title='bbox 842 2313 947 2375; x_wconf 88' lang='lat' dir='ltr'>quam</span> <span class='ocrx_word' id='word_1_121' title='bbox 961 2293 1062 2377; x_wconf 72' lang='lat' dir='ltr'>plotio</span> <span class='ocrx_word' id='word_1_122' title='bbox 1076 2293 1118 2358; x_wconf 87' lang='lat' dir='ltr'>ab</span> <span class='ocrx_word' id='word_1_123' title='bbox 1132 2292 1185 2358; x_wconf 90' lang='lat' dir='ltr'>his</span> <span class='ocrx_word' id='word_1_124' title='bbox 1198 2291 1316 2370; x_wconf 73' lang='lat' dir='ltr'>vidori,</span> 
     </span>
     <span class='ocr_line' id='line_1_18' title="bbox 252 2401 1316 2487; baseline 0 -20"><span class='ocrx_word' id='word_1_125' title='bbox 252 2412 312 2468; x_wconf 91' lang='lat' dir='ltr'>aut</span> <span class='ocrx_word' id='word_1_126' title='bbox 329 2401 411 2486; x_wconf 90' lang='lat' dir='ltr'>&#39;quid</span> <span class='ocrx_word' id='word_1_127' title='bbox 427 2408 474 2467; x_wconf 89' lang='lat' dir='ltr'>rei</span> <span class='ocrx_word' id='word_1_128' title='bbox 489 2408 669 2487; x_wconf 80' lang='lat' dir='ltr'>gereretur</span> <span class='ocrx_word' id='word_1_129' title='bbox 682 2407 849 2487; x_wconf 81' lang='lat' dir='ltr'>cognosci</span> <span class='ocrx_word' id='word_1_130' title='bbox 865 2412 994 2486; x_wconf 87' lang='lat' dir='ltr'>posset.</span> <span class='ocrx_word' id='word_1_131' title='bbox 1044 2402 1137 2468; x_wconf 89' lang='lat' dir='ltr'>Tum</span> <span class='ocrx_word' id='word_1_132' title='bbox 1152 2409 1234 2469; x_wconf 79' lang='lat' dir='ltr'>vero</span> <span class='ocrx_word' id='word_1_133' title='bbox 1250 2402 1316 2469; x_wconf 81' lang='lat' dir='ltr'>clo-</span> 
     </span>
     <span class='ocr_line' id='line_1_19' title="bbox 254 2501 1315 2600; baseline 0.002 -24"><span class='ocrx_word' id='word_1_134' title='bbox 254 2517 351 2578; x_wconf 90' lang='lat' dir='ltr'>more</span> <span class='ocrx_word' id='word_1_135' title='bbox 374 2510 416 2578; x_wconf 93' lang='lat' dir='ltr'>ab</span> <span class='ocrx_word' id='word_1_136' title='bbox 439 2518 480 2576; x_wconf 79' lang='lat' dir='ltr'>eo</span> <span class='ocrx_word' id='word_1_137' title='bbox 502 2522 599 2595; x_wconf 89' lang='lat' dir='ltr'>parte</span> <span class='ocrx_word' id='word_1_138' title='bbox 622 2512 744 2576; x_wconf 89' lang='lat' dir='ltr'>audito</span> <span class='ocrx_word' id='word_1_139' title='bbox 768 2501 880 2577; x_wconf 82' lang='lat' dir='ltr'>nostri</span> <span class='ocrx_word' id='word_1_140' title='bbox 904 2511 1152 2600; x_wconf 84' lang='lat' dir='ltr'>redintegratis</span> <span class='ocrx_word' id='word_1_141' title='bbox 1176 2511 1315 2591; x_wconf 90' lang='lat' dir='ltr'>viribus,</span> 
     </span>
     <span class='ocr_line' id='line_1_20' title="bbox 252 2620 1315 2707; baseline 0.002 -21"><span class='ocrx_word' id='word_1_142' title='bbox 252 2621 347 2707; x_wconf 91' lang='lat' dir='ltr'>quod</span> <span class='ocrx_word' id='word_1_143' title='bbox 373 2620 576 2705; x_wconf 59' lang='lat' dir='ltr'>plerumque</span> <span class='ocrx_word' id='word_1_144' title='bbox 603 2620 636 2685; x_wconf 89' lang='lat' dir='ltr'>in</span> <span class='ocrx_word' id='word_1_145' title='bbox 664 2627 724 2705; x_wconf 75' lang='lat' dir='ltr'>spo</span> <span class='ocrx_word' id='word_1_146' title='bbox 750 2621 917 2687; x_wconf 88' lang='lat' dir='ltr'>victoriae</span> <span class='ocrx_word' id='word_1_147' title='bbox 944 2623 1098 2689; x_wconf 87' lang='lat' dir='ltr'>accidere</span> <span class='ocrx_word' id='word_1_148' title='bbox 1125 2622 1315 2704; x_wconf 75' lang='lat' dir='ltr'>consuovit,</span> 
     </span>
     <span class='ocr_line' id='line_1_21' title="bbox 251 2728 1317 2815; baseline 0.001 -20"><span class='ocrx_word' id='word_1_149' title='bbox 251 2729 362 2795; x_wconf 79' lang='lat' dir='ltr'>ocrius</span> <span class='ocrx_word' id='word_1_150' title='bbox 378 2728 584 2812; x_wconf 77' lang='lat' dir='ltr'>impognore</span> <span class='ocrx_word' id='word_1_151' title='bbox 599 2735 800 2812; x_wconf 73' lang='lat' dir='ltr'>coeporunt.</span> <span class='ocrx_word' id='word_1_152' title='bbox 852 2731 988 2797; x_wconf 72' lang='lat' dir='ltr'>Hostos</span> <span class='ocrx_word' id='word_1_153' title='bbox 1004 2731 1156 2815; x_wconf 90' lang='lat' dir='ltr'>undique</span> <span class='ocrx_word' id='word_1_154' title='bbox 1172 2731 1317 2796; x_wconf 89' lang='lat' dir='ltr'>circum-</span> 
     </span>
    </p>

    <p class='ocr_par' dir='ltr' id='par_1_8' title="bbox 201 2837 1317 3140">
     <span class='ocr_line' id='line_1_22' title="bbox 201 2837 1316 2925; baseline 0.004 -26"><span class='ocrx_word' id='word_1_155' title='bbox 201 2863 233 2899; x_wconf 63' lang='grc' dir='ltr'>πο</span> <span class='ocrx_word' id='word_1_156' title='bbox 253 2844 350 2904; x_wconf 91' lang='lat' dir='ltr'>venti</span> <span class='ocrx_word' id='word_1_157' title='bbox 367 2838 555 2920; x_wconf 76' lang='lat' dir='ltr'>dosporotis</span> <span class='ocrx_word' id='word_1_158' title='bbox 572 2837 734 2903; x_wconf 89' lang='lat' dir='ltr'>omnibus</span> <span class='ocrx_word' id='word_1_159' title='bbox 752 2838 864 2917; x_wconf 72' lang='lat' dir='ltr'>robus</span> <span class='ocrx_word' id='word_1_160' title='bbox 885 2847 921 2904; x_wconf 76' lang='lat' dir='ltr'>so</span> <span class='ocrx_word' id='word_1_161' title='bbox 938 2862 999 2925; x_wconf 90' lang='lat' dir='ltr'>per</span> <span class='ocrx_word' id='word_1_162' title='bbox 1017 2839 1229 2905; x_wconf 76' lang='lat' dir='ltr'>monitionos</span> <span class='ocrx_word' id='word_1_163' title='bbox 1247 2838 1316 2916; x_wconf 73' lang='lat' dir='ltr'>doi-</span> 
     </span>
     <span class='ocr_line' id='line_1_23' title="bbox 252 2945 1317 3033; baseline -0.001 -20"><span class='ocrx_word' id='word_1_164' title='bbox 252 2968 328 3013; x_wconf 89' lang='lat' dir='ltr'>cere</span> <span class='ocrx_word' id='word_1_165' title='bbox 342 2955 376 3012; x_wconf 88' lang='lat' dir='ltr'>et</span> <span class='ocrx_word' id='word_1_166' title='bbox 392 2945 475 3031; x_wconf 79' lang='lat' dir='ltr'>lugo</span> <span class='ocrx_word' id='word_1_167' title='bbox 491 2945 639 3011; x_wconf 81' lang='lat' dir='ltr'>salutem</span> <span class='ocrx_word' id='word_1_168' title='bbox 653 2958 770 3031; x_wconf 88' lang='lat' dir='ltr'>petere</span> <span class='ocrx_word' id='word_1_169' title='bbox 785 2949 1055 3014; x_wconf 82' lang='lat' dir='ltr'>contenderunt.</span> <span class='ocrx_word' id='word_1_170' title='bbox 1106 2948 1207 3033; x_wconf 83' lang='lat' dir='ltr'>Quos</span> <span class='ocrx_word' id='word_1_171' title='bbox 1223 2948 1317 3032; x_wconf 90' lang='lat' dir='ltr'>equi-</span> 
     </span>
     <span class='ocr_line' id='line_1_24' title="bbox 253 3055 1317 3140; baseline 0.001 -19"><span class='ocrx_word' id='word_1_172' title='bbox 253 3063 349 3122; x_wconf 62' lang='lat' dir='ltr'>tatus</span> <span class='ocrx_word' id='word_1_173' title='bbox 378 3055 602 3140; x_wconf 87' lang='lat' dir='ltr'>apertissimis</span> <span class='ocrx_word' id='word_1_174' title='bbox 632 3061 763 3140; x_wconf 90' lang='lat' dir='ltr'>campis</span> <span class='ocrx_word' id='word_1_175' title='bbox 792 3062 1026 3134; x_wconf 73' lang='lat' dir='ltr'>consectotus,</span> <span class='ocrx_word' id='word_1_176' title='bbox 1058 3081 1102 3125; x_wconf 90' lang='lat' dir='ltr'>ex</span> <span class='ocrx_word' id='word_1_177' title='bbox 1132 3058 1265 3125; x_wconf 90' lang='lat' dir='ltr'>milium</span> <span class='ocrx_word' id='word_1_178' title='bbox 1295 3077 1317 3122; x_wconf 85' lang='lat' dir='ltr'>L</span> 
     </span>
    </p>

    <p class='ocr_par' dir='ltr' id='par_1_9' title="bbox 216 3164 1316 3359">
     <span class='ocr_line' id='line_1_25' title="bbox 216 3164 1315 3253; baseline 0 -23"><span class='ocrx_word' id='word_1_179' title='bbox 216 3197 219 3203; x_wconf 92' lang='lat'>·</span> <span class='ocrx_word' id='word_1_180' title='bbox 252 3170 407 3243; x_wconf 88' lang='lat' dir='ltr'>numero,</span> <span class='ocrx_word' id='word_1_181' title='bbox 438 3186 526 3249; x_wconf 91' lang='lat' dir='ltr'>quae</span> <span class='ocrx_word' id='word_1_182' title='bbox 555 3185 600 3228; x_wconf 88' lang='lat' dir='ltr'>ex</span> <span class='ocrx_word' id='word_1_183' title='bbox 629 3164 821 3249; x_wconf 62' lang='lat' dir='ltr'>Aquitania}</span> <span class='ocrx_word' id='word_1_184' title='bbox 849 3165 1099 3253; x_wconf 90' lang='lat' dir='ltr'>Cantabrisque</span> <span class='ocrx_word' id='word_1_185' title='bbox 1113 3166 1315 3234; x_wconf 74' lang='lat' dir='ltr'>convonisse</span> 
     </span>
     <span class='ocr_line' id='line_1_26' title="bbox 253 3255 1316 3359; baseline -0.001 -19"><span class='ocrx_word' id='word_1_186' title='bbox 253 3273 445 3352; x_wconf 79' lang='lat' dir='ltr'>constabat,</span> <span class='ocrx_word' id='word_1_187' title='bbox 468 3273 527 3340; x_wconf 88' lang='lat' dir='ltr'>vix</span> <span class='ocrx_word' id='word_1_188' title='bbox 549 3280 674 3358; x_wconf 78' lang='lat' dir='ltr'>quarto</span> <span class='ocrx_word' id='word_1_189' title='bbox 696 3284 794 3359; x_wconf 88' lang='lat' dir='ltr'>parte</span> <span class='ocrx_word' id='word_1_190' title='bbox 815 3275 945 3355; x_wconf 76' lang='lat' dir='ltr'>relicto,</span> <span class='ocrx_word' id='word_1_191' title='bbox 968 3277 1080 3342; x_wconf 78' lang='lat' dir='ltr'>multo</span> <span class='ocrx_word' id='word_1_192' title='bbox 1101 3286 1204 3343; x_wconf 91' lang='lat' dir='ltr'>nocte</span> <span class='ocrx_word' id='word_1_193' title='bbox 1224 3255 1260 3342; x_wconf 68' lang='lat' dir='ltr'>so</span> <span class='ocrx_word' id='word_1_194' title='bbox 1282 3273 1316 3339; x_wconf 93' lang='lat' dir='ltr'>in</span> 
     </span>
    </p>
   </div>
   <div class='ocr_carea' id='block_1_5' title="bbox 201 3383 1073 3567">
    <p class='ocr_par' dir='ltr' id='par_1_10' title="bbox 201 3383 1073 3567">
     <span class='ocr_line' id='line_1_27' title="bbox 201 3383 531 3468; baseline 0 -19"><span class='ocrx_word' id='word_1_195' title='bbox 201 3409 232 3462; x_wconf 80' lang='lat'>25</span> <span class='ocrx_word' id='word_1_196' title='bbox 254 3393 367 3451; x_wconf 87' lang='lat' dir='ltr'>castra</span> <span class='ocrx_word' id='word_1_197' title='bbox 391 3383 531 3468; x_wconf 74' lang='lat' dir='ltr'>recopit.</span> 
     </span>
     <span class='ocr_line' id='line_1_28' title="bbox 500 3493 1073 3567; baseline 0.002 -20"><span class='ocrx_word' id='word_1_198' title='bbox 500 3493 674 3548; x_wconf 79' lang='lat' dir='ltr'>Submt&#39;ssz&#39;on</span> <span class='ocrx_word' id='word_1_199' title='bbox 687 3495 723 3567; x_wconf 65' lang='lat' dir='ltr'>‘ff</span> <span class='ocrx_word' id='word_1_200' title='bbox 731 3499 803 3548; x_wconf 82' lang='lat' dir='ltr'>most</span> <span class='ocrx_word' id='word_1_201' title='bbox 813 3495 849 3567; x_wconf 86' lang='lat' dir='ltr'>of</span> <span class='ocrx_word' id='word_1_202' title='bbox 860 3493 908 3548; x_wconf 79' lang='lat' dir='ltr'>the</span> <span class='ocrx_word' id='word_1_203' title='bbox 919 3495 1073 3564; x_wconf 80' lang='lat' dir='ltr'>Aqut&#39;tam&#39;.</span> 
     </span>
    </p>
   </div>
   <div class='ocr_carea' id='block_1_6' title="bbox 192 3621 1318 4028">
    <p class='ocr_par' dir='ltr' id='par_1_11' title="bbox 192 3621 1318 4028">
     <span class='ocr_line' id='line_1_29' title="bbox 192 3621 1318 3714; baseline -0.001 -26"><span class='ocrx_word' id='word_1_204' title='bbox 192 3641 235 3714; x_wconf 77' lang='grc' dir='ltr'><strong><em>η</em></strong></span> <span class='ocrx_word' id='word_1_205' title='bbox 326 3622 405 3688; x_wconf 73' lang='lat' dir='ltr'>Hoc</span> <span class='ocrx_word' id='word_1_206' title='bbox 431 3621 549 3688; x_wconf 81' lang='lat' dir='ltr'>audito</span> <span class='ocrx_word' id='word_1_207' title='bbox 577 3627 696 3706; x_wconf 77' lang='lat' dir='ltr'>pogno</span> <span class='ocrx_word' id='word_1_208' title='bbox 723 3621 876 3687; x_wconf 79' lang='lat' dir='ltr'>moxima</span> <span class='ocrx_word' id='word_1_209' title='bbox 903 3643 980 3705; x_wconf 89' lang='lat' dir='ltr'>pars</span> <span class='ocrx_word' id='word_1_210' title='bbox 1008 3621 1216 3706; x_wconf 76' lang='lat' dir='ltr'>Aquitoniae</span> <span class='ocrx_word' id='word_1_211' title='bbox 1243 3626 1318 3687; x_wconf 72' lang='lat' dir='ltr'>soso</span> 
     </span>
     <span class='ocr_line' id='line_1_30' title="bbox 256 3730 1317 3814; baseline -0.004 -16"><span class='ocrx_word' id='word_1_212' title='bbox 256 3732 380 3798; x_wconf 91' lang='lat' dir='ltr'>Crasso</span> <span class='ocrx_word' id='word_1_213' title='bbox 399 3731 530 3800; x_wconf 68' lang='lat' dir='ltr'>dedidit</span> <span class='ocrx_word' id='word_1_214' title='bbox 552 3730 759 3814; x_wconf 70' lang='lat' dir='ltr'>obsidosque</span> <span class='ocrx_word' id='word_1_215' title='bbox 780 3731 871 3796; x_wconf 90' lang='lat' dir='ltr'>ultro</span> <span class='ocrx_word' id='word_1_216' title='bbox 892 3731 999 3808; x_wconf 91' lang='lat' dir='ltr'>misit;</span> <span class='ocrx_word' id='word_1_217' title='bbox 1025 3737 1096 3814; x_wconf 92' lang='lat' dir='ltr'>quo</span> <span class='ocrx_word' id='word_1_218' title='bbox 1117 3731 1151 3796; x_wconf 96' lang='lat' dir='ltr'>in</span> <span class='ocrx_word' id='word_1_219' title='bbox 1171 3736 1317 3796; x_wconf 88' lang='lat' dir='ltr'>numero</span> 
     </span>
     <span class='ocr_line' id='line_1_31' title="bbox 255 3839 1317 3924; baseline -0.001 -18"><span class='ocrx_word' id='word_1_220' title='bbox 255 3839 393 3906; x_wconf 75' lang='lat' dir='ltr'>fuorunt</span> <span class='ocrx_word' id='word_1_221' title='bbox 417 3840 577 3916; x_wconf 88' lang='lat' dir='ltr'>Tarbelli,</span> <span class='ocrx_word' id='word_1_222' title='bbox 603 3840 835 3924; x_wconf 79' lang='lat' dir='ltr'>BigerrioneS,</span> <span class='ocrx_word' id='word_1_223' title='bbox 861 3840 997 3917; x_wconf 77' lang='lat' dir='ltr'>Ptionii‚</span> <span class='ocrx_word' id='word_1_224' title='bbox 1021 3841 1185 3914; x_wconf 75' lang='lat' dir='ltr'>Vocotos,</span> <span class='ocrx_word' id='word_1_225' title='bbox 1210 3841 1317 3907; x_wconf 90' lang='lat' dir='ltr'>Taru-</span> 
     </span>
     <span class='ocr_line' id='line_1_32' title="bbox 254 3947 1317 4028; baseline 0 -14"><span class='ocrx_word' id='word_1_226' title='bbox 254 3955 356 4028; x_wconf 74' lang='lat' dir='ltr'>sotos,</span> <span class='ocrx_word' id='word_1_227' title='bbox 377 3949 549 4026; x_wconf 71' lang='lat' dir='ltr'>ElusotoS,</span> <span class='ocrx_word' id='word_1_228' title='bbox 570 3947 688 4026; x_wconf 75' lang='lat' dir='ltr'>Gatos,</span> <span class='ocrx_word' id='word_1_229' title='bbox 709 3948 827 4027; x_wconf 82' lang='lat' dir='ltr'>Ausci,</span> <span class='ocrx_word' id='word_1_230' title='bbox 850 3947 1027 4026; x_wconf 87' lang='lat' dir='ltr'>Garumni,</span> <span class='ocrx_word' id='word_1_231' title='bbox 1049 3948 1229 4016; x_wconf 73' lang='lat' dir='ltr'>Sibusatos</span> <span class='ocrx_word' id='word_1_232' title='bbox 1249 3949 1317 4016; x_wconf 76' lang='lat' dir='ltr'>Co</span> 
     </span>
    </p>
   </div>
   <div class='ocr_carea' id='block_1_7' title="bbox 0 0 1526 4442">
    <p class='ocr_par' dir='ltr' id='par_1_12' title="bbox 0 0 1526 4442">
     <span class='ocr_line' id='line_1_33' title="bbox 0 0 1526 4442; baseline 0 1"><span class='ocrx_word' id='word_1_233' title='bbox 0 0 1526 4442; x_wconf 95' lang='lat' dir='ltr'> </span> 
     </span>
    </p>
   </div>
  </div>
 </body>
</html>
