3044 4442
254 349 311 412 108
634 350 748 403 BELLl
774 349 934 404 GALLICI

251 525 361 593 Gallio
385 526 647 612 relinquentur,
673 528 799 613 partim
824 529 918 613 quod
944 535 1101 594 insuotus
1127 527 1314 613 navigandi

249 657 344 731 mare
366 635 515 715 timeret,
540 637 665 721 partim
689 638 784 723 quod
808 638 1034 723 religionibus
1059 638 1217 722 impediri
1240 643 1315 703 soso

250 747 389 813 diceret.
455 747 689 831 Posteaquam
716 747 751 812 id
778 748 951 814 obstinato
979 747 1042 813 sibi
1069 753 1190 832 negoti
1217 746 1313 825 vidit,

248 863 345 924 omni
361 863 423 942 spo
439 856 648 941 impetrandi
663 856 836 941 adempto,
854 857 1027 942 principos
1045 855 1174 923 Galliae
1191 856 1315 923 sollici-

216 973 335 1045 5tore‚
361 973 524 1034 sevocore
549 966 706 1052 singulos
731 966 931 1051 hortorique
957 966 1071 1050 coepit
1098 972 1149 1032 uti
1174 966 1208 1031 in
1234 987 1316 1032 eon-

248 1077 371 1144 tinenti
402 1084 635 1156 remanorent;
667 1083 763 1143 metir
796 1075 966 1143 territore:
1003 1083 1074 1142 non
1106 1075 1180 1143 sine
1212 1083 1314 1143 causa

248 1187 321 1253 fieri
340 1197 378 1253 ut
399 1187 508 1254 Gallia
526 1192 623 1253 omni
642 1185 824 1256 nobilitote
843 1185 1062 1270 spoliorotur;
1082 1185 1117 1250 id
1138 1207 1212 1253 esse
1231 1192 1314 1252 eon-

249 1295 363 1362 silium
391 1296 547 1363 Caesaris
574 1307 623 1374 ut,
651 1301 740 1381 quos
768 1295 803 1360 in
832 1300 1021 1378 conspecto
1052 1293 1181 1361 Galliae
1209 1295 1313 1360 inter-

250 1405 351 1472 ficere
376 1412 563 1483 vereretur,
591 1406 656 1471 hos
682 1410 804 1474 omnies
831 1403 865 1469 in
893 1403 1107 1469 Britanniam
1134 1403 1313 1470 traductos

200 1543 230 1579 ιο
248 1521 401 1595 necoret;
421 1515 525 1581 fidem
546 1515 684 1599 reliquis
705 1515 936 1599 interponere,
957 1513 1010 1578 ii1s
1029 1512 1213 1579 iorandum
1234 1534 1314 1597 pos·

248 1645 325 1692 cere
345 1635 394 1703 ut,
416 1626 510 1708 quod
532 1645 607 1690 esse
628 1646 672 1691 ex
694 1630 759 1689 osii
783 1622 911 1690 Galliae
933 1622 1194 1699 intellexissent,
1218 1643 1312 1687 corn-

246 1740 343 1799 moni
361 1734 506 1799 consilio
524 1733 813 1800 administrarent.
857 1733 957 1799 Haec
974 1738 994 1799 a
1012 1731 1250 1816 compluribus
1269 1731 1312 1798 ad

247 1843 429 1911 Caesarem
448 1843 701 1910 deferebantur.

445 2049 615 2103 Dumnorix
619 2049 698 2119 βας,
711 2050 761 2102 but
772 2051 798 2102 is
803 2048 938 2120 parsued
946 2048 1010 2102 and
1018 2047 1113 2102 killed.

208 2183 229 2254 7
316 2177 397 2261 Quo
436 2183 472 2242 ro
511 2177 654 2262 cognito
694 2176 828 2254 Caesar,
869 2177 964 2261 quod
1004 2186 1142 2243 tanturn
1182 2175 1314 2242 civitoti

199 2308 227 2357 ¹5
249 2286 417 2352 Haeduae
444 2286 624 2370 dignitatis
650 2286 834 2364 tribuebat,
863 2285 1096 2355 coercendum
1125 2296 1229 2369 atque
1257 2284 1314 2350 do-

247 2395 446 2461 terrendum
474 2395 751 2480 quibuscumque
779 2395 880 2461 robus
908 2408 1025 2479 posset
1055 2394 1314 2481 Dumnorigem

246 2505 433 2583 statuobat;
453 2505 547 2589 quod
569 2506 709 2591 longius
729 2505 802 2571 eius
822 2505 1009 2572 amentiam
1032 2506 1198 2591 progredi
1219 2505 1312 2572 vide-

245 2616 314 2692 bat,
334 2615 616 2700 prospiciendum
635 2615 779 2699 nequid
799 2615 921 2682 sibiae
941 2623 988 2681 rei
1008 2616 1166 2700 pirblicae
1186 2622 1312 2698 nocore

246 2735 372 2808 posset.
418 2724 540 2808 Itaque
559 2724 632 2790 dios
651 2723 785 2790 circiter
805 2743 883 2790 xxv
901 2724 936 2790 in
956 2732 999 2791 eo
1019 2727 1097 2792 loco
1117 2731 1311 2792 commoro-

197 2862 228 2898 20
246 2844 312 2912 tus,
333 2833 427 2917 quod
450 2833 563 2900 Corus
582 2843 706 2899 ventus
727 2833 986 2918 navigotionem
1010 2835 1230 2919 impediebat,
1252 2833 1311 2918 qui

244 2949 410 3027 magnam
429 2954 562 3026 partem
581 2942 695 3007 omnis
712 2941 880 3026 temporis
899 2942 932 3007 in
953 2943 1005 3008 his
1024 2945 1108 3010 locis
1128 2944 1210 3010 flore
1228 2951 1311 3010 con-

246 3052 368 3130 suevit,
392 3051 494 3118 dabat
519 3072 661 3136 operam
685 3063 722 3116 ut
746 3051 780 3116 in
804 3049 920 3118 officio
946 3053 1204 3139 Dumnorigem
1228 3074 1311 3119 con-

246 3161 385 3240 tinoret;
404 3160 512 3226 nihilo
531 3171 647 3226 tamen
666 3160 772 3225 setius
791 3160 908 3226 omnia
927 3161 1000 3227 isius
1019 3162 1161 3227 consilia
1180 3168 1312 3246 cogno-

245 3280 364 3338 sceret.
410 3269 568 3336 Tandem
591 3269 752 3336 idoneam
774 3281 897 3337 nactus
919 3278 1161 3356 tempestotem
1185 3273 1311 3338 milites

194 3403 225 3454 25
246 3380 449 3465 equitosque
467 3378 700 3445 conscendere
718 3385 823 3445 novos
842 3379 947 3446 iubet.

311 3490 360 3555 At
374 3489 532 3554 omnium
548 3488 722 3572 impeditis
737 3489 860 3554 animis
875 3489 1076 3555 Dumnorix
1092 3511 1172 3555 cum
1187 3489 1310 3574 equiti-

242 3600 310 3675 bus
339 3597 570 3663 Haeduorum
598 3604 618 3662 o
647 3605 766 3663 castris
792 3598 960 3664 insciente
990 3597 1135 3665 Caesare
1163 3599 1309 3665 domum

244 3707 420 3774 discedere
442 3706 566 3791 coepit.
615 3706 696 3791 Quo
718 3713 754 3772 ro
776 3707 934 3774 nirntioto
956 3707 1092 3787 Caesar,
1115 3708 1310 3775 intermissa

244 3817 460 3904 proiectione
479 3826 583 3901 atqne
603 3816 766 3882 omnibus
786 3817 889 3882 robus
909 3818 1122 3902 postpositis,
1144 3825 1310 3904 mognam

195 3957 227 4006 30
244 3937 377 4013 partem
390 3925 564 4009 equitotirs
578 3924 621 3991 ad
634 3945 714 3991 eum
727 3913 981 4010 insequendum
993 3926 1099 3993 mittit
1113 3928 1310 4013 retrahique
