3014 4452
505 347 624 399 einen
650 348 714 401 vn.
741 348 824 402 cnr).
850 313 990 402 ‹so-(22.¹
1210 361 1270 427 207

204 524 345 590 deretur
369 535 539 608 quantum
564 532 670 594 neves
694 527 952 612 precessissent,
979 527 1127 612 reliquis
1153 525 1271 609 eripies

204 640 326 699 contri
347 633 542 700 Labienum
562 634 748 703 duxerunt.
1057 642 1060 648 ’

398 844 542 897 Labienus
559 851 640 900 rouls
657 844 742 908 them,
755 846 819 900 and
833 848 942 918 rq'oins
961 847 1075 900 Caesar.

274 974 390 1040 Primi
413 975 489 1040 lirce
514 983 550 1040 et
574 981 684 1040 nostri
708 981 830 1041 omnes
854 986 951 1040 erant
977 979 1209 1060 trensportaiti
1233 983 1267 1039 et
1287 976 1330 1043 62

205 1083 361 1150 hostium
382 1083 473 1149 acies
494 1083 711 1150 cernebatur.
759 1083 934 1150 Labienus
957 1083 1084 1149 milites
1106 1083 1269 1149 cohorte-

206 1198 272 1271 tds,
294 1205 333 1258 ut
354 1214 435 1259 suae
455 1193 620 1278 pristinae
642 1193 783 1260 virtritis
803 1203 839 1259 et
861 1203 918 1261 tot
941 1192 1303 1264 secundissimerums

205 1301 417 1387 proelierum
439 1303 628 1368 retinerent
653 1302 858 1368 memoriam
881 1312 987 1387 atque
1010 1302 1124 1387 ipsum
1147 1299 1270 1367 Caesa-

204 1432 286 1491 rem,
299 1411 398 1477 cuius
411 1412 520 1478 ductu
534 1391 784 1497 saepenumere
798 1413 917 1477 hostes
930 1418 1160 1496 superessent,
1175 1431 1271 1495 prae-

205 1532 340 1587 sentem
354 1522 474 1588 adesse
489 1522 741 1601 existimarent,
758 1521 818 1587 dat
835 1527 976 1606 signum
992 1521 1110 1605 proeli.
1152 1519 1271 1585 Prime

206 1637 377 1696 concursu
397 1632 440 1696 ab
460 1631 585 1697 dextri)
606 1637 727 1710 cornu,
749 1630 806 1697 ubi
828 1631 975 1714 septima
995 1629 1088 1714 legio
1109 1628 1272 1694 censtite-

207 1751 269 1818 rat,
297 1740 415 1806 hostes
443 1741 619 1825 pelluntur
646 1752 750 1825 atque
779 1740 813 1804 in
842 1739 962 1824 lugam
991 1738 1200 1816 ceiciuntur;
1229 1738 1271 1802 ab
1291 1763 1322 1799 ιο

206 1849 355 1926 sinistro,
374 1870 479 1933 quem
499 1850 615 1916 locum
635 1868 692 1914 xrr
712 1849 805 1934 legio
824 1848 975 1924 tenebat,
996 1868 1076 1912 cunr
1096 1852 1198 1930 primi
1218 1852 1272 1911 ‹ir-

205 1959 302 2024 dines
323 1959 477 2025 hostiurn
498 1959 656 2025 trinsfixi
677 1960 754 2045 pilis
774 1957 1018 2036 concidissent,
1040 1967 1157 2022 tamen
1180 1961 1272 2021 ecer-

205 2069 291 2134 rime
313 2068 434 2154 reliqui
457 2069 672 2147 resistebant,
696 2090 760 2135 nec
783 2069 886 2134 dabat
910 2066 1145 2152 suspicienem
1169 2065 1272 2150 fugae

204 2177 396 2261 quisquam.
438 2178 517 2263 Ipse
532 2178 605 2243 dux
620 2177 775 2244 hostium
790 2176 1053 2262 Camulogenus
1068 2181 1138 2241 suis
1154 2174 1271 2241 aderat

205 2297 308 2368 atque
329 2293 389 2352 ees
411 2286 670 2352 cohortabatur.
1291 2312 1319 2363 15

275 2392 323 2458 At
343 2394 475 2460 incerte
496 2395 600 2460 etiam
620 2416 713 2461 nunc
734 2395 830 2462 exitu
850 2395 1026 2474 victeriae,
1048 2417 1128 2462 cum
1149 2415 1205 2462 v11
1226 2394 1271 2461 le·

206 2499 321 2586 gienis
340 2500 487 2566 tribunis
506 2512 595 2568 esset
615 2502 819 2568 nuntietum
838 2525 925 2588 quae
945 2504 979 2568 in
1000 2505 1141 2571 sinistre
1161 2510 1271 2571 cornu

150 2690 153 2694 ¹
205 2621 418 2695 gererentur,
434 2621 513 2695 post
527 2622 668 2695 tergum
684 2611 838 2676 hostium
853 2613 1029 2697 legionem
1045 2615 1272 2681 ostenderunt

206 2726 374 2805 signaque
403 2720 603 2786 intulerunt.
667 2720 721 2787 Ne
751 2727 793 2786 ee
822 2721 964 2805 quidem
994 2733 1151 2807 tempore
1182 2723 1273 2808 quis·
1355 2749 1357 2754 ¹

206 2851 311 2913 quam
330 2831 409 2895 loce
429 2829 541 2907 cessit,
562 2829 622 2895 sed
642 2829 869 2896 circumventi
890 2837 1012 2897 omnes
1033 2831 1273 2916 interfectique
1291 2859 1323 2894 20

208 2950 297 3004 sunt.
348 2939 505 3005 Eandem
534 2939 710 3004 fortunam
737 2939 816 3005 tulit
845 2939 1116 3025 Camulogenus
1165 2941 1214 3006 At
1243 2945 1273 3004 ei

207 3048 317 3132 quiin
335 3047 505 3131 praesidii)
522 3053 644 3113 contre
660 3059 772 3114 castra
789 3048 935 3115 Labieni
953 3058 1049 3114 erant
1067 3049 1176 3114 relicti
1194 3069 1274 3113 cum

209 3157 378 3240 proelium
407 3157 633 3221 commissum
662 3157 849 3235 audIssent,
878 3157 1032 3224 subsidii)
1061 3163 1131 3222 suis
1160 3157 1273 3223 ierunt

207 3267 401 3348 collemque
426 3271 604 3349 ceperunt,
628 3287 741 3350 neque
766 3273 966 3332 nostrorum
992 3267 1141 3332 militum
1165 3267 1274 3332 victri-

208 3395 285 3440 rum
308 3374 478 3458 impetum
502 3375 671 3441 sustinere
695 3381 894 3459 potuerunt.
945 3374 1002 3442 Sic
1026 3397 1106 3441 cum
1130 3382 1200 3442 suis
1223 3376 1274 3442 fu·
1292 3400 1322 3450 ²⁵

208 3483 384 3567 gientibus
408 3484 584 3568 permixti,
609 3490 698 3568 quos
722 3490 794 3550 non
818 3484 922 3550 silvae
946 3491 1154 3570 montesque
1179 3492 1274 3552 texe-

209 3603 300 3668 runt,
326 3592 369 3658 ab
395 3594 552 3678 equitetis
578 3603 658 3659 sunt
683 3593 863 3659 interlecti.
914 3593 995 3660 Hric
1021 3594 1167 3680 negetie
1192 3602 1275 3662 cen·

207 3701 299 3767 fecte
315 3701 490 3768 Labienus
506 3702 689 3768 revertitur
704 3702 937 3788 Agedincum,
954 3703 1011 3769 ubi
1028 3705 1275 3788 impedimenta

208 3801 316 3878 tetius
334 3813 508 3879 exercitiis
525 3813 643 3878 relicta
660 3823 772 3889 erant;
790 3811 869 3877 inde
887 3834 967 3878 cum
986 3813 1149 3880 omnibus
1167 3815 1276 3899 cepiis

208 3921 250 3986 ad
268 3921 451 3988 Caesarem
470 3921 637 4005 pervenit.
1293 3949 1326 4000 ³⁰
