3014 4452
205 347 267 409 218
593 346 705 399 BELLl
732 345 890 400 GALLlCl

205 524 277 625 Qui
296 531 332 591 se
352 527 403 592 ult
390 532 445 592 tro
465 533 573 592 morti
591 525 752 606 offerant,
773 525 905 593 facilius
925 525 1145 638 reperiuntur
1164 547 1269 611 quam

206 640 265 719 qui
282 635 439 701 dolorem
457 635 627 720 patienter
644 635 763 701 lerant.

275 743 425 828 “Atque
442 767 510 829 ego
528 746 616 810 hanc
634 745 840 811 sententiam
859 746 1054 829 probarem,
1070 783 1119 794 --
1133 755 1271 812 tantum

206 853 299 938 apud
317 861 373 919 ma
391 854 544 939 dignitas
562 865 690 939 potest,
703 860 791 919 —si
810 855 940 919 millam
959 865 1201 940 praeterquam
1221 863 1269 922 vi·

172 994 185 1043 5
208 974 264 1028 tae
284 974 423 1028 nostrae
442 962 611 1029 iacturam
632 963 704 1029 fieri
724 963 892 1041 viderem;
913 963 973 1029 secl
994 962 1028 1029 in
1049 964 1194 1030 consilia
1215 987 1269 1031 ca-

204 1072 332 1157 piendo
351 1093 491 1137 omnem
509 1072 654 1139 Galliam
672 1072 907 1157 respiciamus,
926 1094 1031 1157 quam
1050 1074 1092 1139 acl
1112 1085 1270 1140 nostrum

203 1181 370 1247 auxilium
386 1181 647 1247 concitavimus.
698 1180 793 1266 Quid
809 1182 992 1248 hominum
1010 1183 1148 1248 milibus
1165 1203 1269 1248 Lxxx

204 1297 275 1357 imo
296 1291 375 1356 loco
396 1291 584 1357 interiectis
605 1291 810 1376 propinquis
831 1294 1168 1378 consanguineisque
1191 1315 1270 1360 nos-

205 1407 265 1467 tris
281 1400 386 1466 animi
401 1400 473 1465 lore
491 1400 707 1479 existimatis,
724 1408 752 1466 si
769 1423 878 1486 paene
895 1403 929 1468 in
947 1402 1028 1486 ipsis
1046 1403 1270 1470 cadaveribus

156 1543 186 1579 ιο
203 1509 335 1594 proelia
352 1510 529 1576 decertare
547 1510 738 1595 cogentur?
788 1511 907 1577 Nalite
924 1513 989 1577 hos
1005 1519 1122 1578 vestro
1139 1513 1270 1579 auxilia

203 1619 396 1703 exspoliare
411 1624 470 1703 qui
486 1630 621 1685 vestrae
636 1619 754 1685 salutis
764 1627 872 1716 ,causa
887 1642 989 1713 sunm
1003 1623 1195 1705 periculum
1211 1645 1269 1690 ne-

203 1729 406 1814 glexerunt3
424 1718 488 1802 nec
505 1728 658 1796 stultitia
676 1735 715 1795 ac
733 1730 931 1797 temeritate
950 1737 1065 1797 vestra
1083 1742 1144 1797 aut
1164 1732 1270 1798 animi

203 1837 437 1904 imbacillitate
458 1859 599 1904 omnem
622 1838 767 1905 Galliam
788 1846 1005 1924 prosternere
1027 1852 1061 1907 et
1082 1853 1269 1926 perpetuae

203 1947 359 2013 servitirti
382 1947 547 2014 subicere.
597 1948 665 2027 An,
691 1950 789 2033 quod'
810 1949 852 2016 ad
877 1951 968 2016 diem
992 1957 1063 2016 non
1087 1958 1285 2030 venerunt,-

154 2088 183 2137 15
203 2057 246 2123 de
270 2063 392 2124 eorum
417 2057 485 2124 fida
510 2058 779 2144 canstantiaque
803 2058 992 2125 dubitatis?
1041 2060 1137 2146 Quid
1162 2061 1268 2147 ergo?

204 2167 384 2232 Romanas
417 2167 450 2232 in
483 2168 548 2234 illis
580 2168 800 2234 ulterioribus
833 2168 1085 2235 munitionibus
1117 2169 1269 2236 animine

203 2283 306 2342 causa
322 2276 452 2342 cotidie
468 2284 621 2344 exerceri
637 2277 789 2362 putatis?
829 2277 866 2344 Si
882 2278 1020 2345 illorum
1037 2279 1169 2346 mintiis
1186 2287 1268 2347 can-

203 2385 331 2451 iirmari
346 2393 418 2452 nan
435 2387 584 2472 potestis
600 2393 696 2453 omni
711 2387 810 2483 adita
826 2395 1042 2472 praesaepta,
1061 2389 1113 2455 his
1129 2389 1285 2478 utimini·

204 2496 351 2563 testibus
385 2496 663 2582 adpropinquare
695 2503 817 2563 eorum
851 2497 1056 2584 adventum;
1090 2498 1188 2565 cilius
1221 2505 1268 2565 rei

152 2638 185 2676 πο
202 2607 329 2672 timore
349 2606 509 2673 exterriti
529 2606 620 2673 diem
641 2617 852 2691 noctemque
872 2607 907 2673 in
928 2629 1032 2692 opere
1051 2619 1242 2674 versantur.

273 2717 402 2802 “Quid
426 2697 511 2801 eigo
534 2721 603 2781 mei
626 2715 747 2781 consili
769 2716 840 2781 est?
873 2716 1017 2781 'Facere
1040 2717 1134 2801 quod
1158 2724 1269 2784 nostri

203 2825 350 2892 maiores
369 2831 588 2910 nequaquam
608 2830 680 2908 pari
699 2823 789 2890 bella
809 2824 1030 2891 Cimbrorum
1049 2827 1268 2893 Teutonum-

203 2958 270 3020 que
292 2936 462 3012 {aceruum
484 2933 598 3017 quiin
621 2933 751 3016 oppida
772 2934 942 3021 compulsi
964 2940 1004 3000 ac
1026 2935 1128 3001 simili
1151 2935 1268 3021 inopia

202 3047 335 3112 subacti
353 3050 474 3110 earum
493 3042 698 3127 corporibus
716 3049 776 3126 qui
793 3048 904 3108 aetate
922 3044 964 3108 ad
983 3045 1111 3110 bellum
1130 3045 1268 3111 inatiles

152 3174 181 3224 25
202 3155 408 3219 videbantur
425 3158 530 3218 vitam
549 3153 784 3219 toleraverunt
803 3173 915 3236 neque
933 3158 970 3219 sa
987 3153 1145 3220 hostibus
1164 3155 1267 3221 tradi-

201 3263 335 3328 derunt.
386 3261 493 3328 Cuius
509 3268 557 3327 rei
572 3268 599 3327 si
615 3263 816 3346 exemplum
831 3267 901 3327 nan
918 3263 1134 3340 haberemus,
1150 3274 1267 3330 tamen

201 3373 367 3438 libertatis
386 3378 489 3438 causa
505 3371 639 3438 institui
657 3383 690 3438 et
710 3378 857 3457 posteris
876 3371 977 3456 prodi
995 3373 1266 3456 pulcherrimum

201 3482 397 3548 iiidicarem.
431 3479 523 3547 Nam
537 3481 620 3566 quid
634 3481 681 3546 illi
695 3481 805 3548 simile
818 3481 908 3548 bello
922 3481 1008 3547 fuit?
1041 3482 1266 3568 Depopulata

201 3591 311 3659 Gallia
329 3591 469 3668 Cimbri,
487 3597 684 3676 magnaque
702 3591 808 3656 inlata
825 3590 1029 3668 calamitate,
1048 3590 1174 3657 linibus
1193 3592 1266 3677 qui-

151 3728 182 3776 30
201 3703 282 3770 dem
307 3707 434 3768 nostris
459 3700 645 3784 aliquando
671 3705 894 3766 excesserunt
920 3709 1024 3784 atque
1050 3700 1133 3767 alias
1158 3708 1267 3768 terras

200 3809 494 3898 petierunt;ii1ra‚
517 3810 622 3896 legas
644 3814 758 3894 agros
781 3808 978 3875 libertatem
999 3809 1099 3876 nabis
1121 3811 1267 3895 relique-

199 3931 291 3990 runt.
333 3920 485 3988 Romani
500 3924 583 3983 vero
600 3917 683 4004 quid
699 3927 825 4006 petunt
842 3917 935 3985 aliud
951 3928 1012 3984 aut
1029 3917 1115 4004 quid*
1129 3919 1265 3999 volunt,
