3048 4444
489 370 606 424 LIBER
633 371 696 424 Vll.
723 371 807 425 CAP.
836 383 945 438 17—19.
1194 385 1253 452 ¹79

184 550 356 634 benisque
375 550 524 615 mllitum
543 548 766 626 mandebant,
786 559 824 614 ut
843 569 905 634 per
924 555 985 615 ees
1004 548 1048 614 ad
1068 547 1251 616 Caesarem

185 658 410 726 deferrenturss

441 787 548 852 Caesar'
565 797 740 868 approaches
760 797 986 869 Vercuqretorec.

253 907 344 974 Cum
369 907 437 973 iam
463 913 564 972 mirre
589 913 701 973 turres
725 906 1074 992 adpropinquassent,
1100 929 1145 974 ex
1170 928 1248 991 cap·
1270 913 1311 978 18

183 1022 263 1083 tivis
282 1016 408 1083 Caesar
425 1017 593 1103 cegnevit
613 1017 942 1102 Vercingetorigem
961 1022 1172 1102 consempte
1193 1023 1251 1101 pe-

185 1127 268 1192 bule
295 1136 406 1192 castra
431 1126 581 1192 nievisse
609 1126 752 1210 propius
778 1125 979 1203 Avaricum,
1006 1137 1111 1211 atque
1138 1126 1283 1210 ipsums

185 1255 265 1300 cum
289 1234 446 1320 equitetci
471 1236 711 1320 expeditisque
736 1241 796 1319 qui
820 1223 1068 1320 inter‘equites
1091 1234 1252 1319 proeliari

183 1350 420 1422 consuessent,
436 1343 620 1409 insidiandi
636 1350 740 1410 cause
755 1349 798 1409 eo
814 1345 1010 1429 proiectum
1026 1349 1097 1428 quo
1113 1349 1252 1409 nostres

183 1459 325 1537 postere
344 1452 400 1518 die
419 1453 622 1536 pabuletum
642 1459 811 1519 ventures
829 1453 1061 1519 arbitreretur.
1113 1453 1251 1536 Quibus

185 1563 287 1628 rebus
311 1561 462 1647 cognitis
484 1561 599 1627 medie
622 1575 725 1628 nocte
747 1563 885 1628 silentic’)
908 1561 1084 1646 profectus
1106 1561 1149 1627 ad
1172 1562 1251 1628 hos-

184 1671 271 1737 tium
290 1681 402 1736 castra
419 1676 520 1736 mane
539 1671 705 1754 pervenit.
757 1671 821 1748 Illi,
840 1670 995 1736 celeriter
1014 1691 1075 1754 per
1093 1671 1251 1754 explore—
1271 1699 1302 1737 10

185 1787 278 1847 teres
302 1779 455 1846 adventu
482 1779 638 1846 Caesaris
664 1780 820 1865 cegnite,
847 1785 963 1845 cartes
989 1779 1251 1863 impedimenta-

184 1911 252 1974 que
272 1910 333 1954 sua
353 1889 388 1954 in
408 1888 554 1955 artieres
574 1889 676 1955 silves
696 1888 914 1966 abdiderunt,
935 1887 1053 1972 cepies
1073 1893 1195 1953 omnes
1216 1887 1251 1951 in

184 1999 263 2064 loce
288 1998 384 2065 edite
408 2009 514 2082 atque
538 2003 659 2081 aperte
683 2002 933 2062 instruxerunt.
996 1996 1078 2082 Quat
1104 2003 1139 2063 re
1164 2002 1251 2061 ntin·

184 2107 270 2173 tiete
295 2107 421 2175 Caesar
446 2107 602 2174 celeriter
626 2107 777 2173 sarcinas
802 2106 950 2172 conlerri
975 2126 1070 2171 arma
1096 2107 1251 2190 expediri

185 2216 292 2284 iussit.
908 2227 911 2232 '
944 2227 950 2251 ⁸
1272 2243 1300 2292 15

425 2307 498 2362 And
504 2307 586 2376 finds
604 2305 666 2360 hain
684 2306 813 2376 strongly
830 2303 1004 2359 tiltrenclled.

254 2419 360 2486 Collis
376 2429 447 2485 erat
464 2419 586 2485 leniter
599 2419 643 2484 ab
658 2417 780 2482 infimo
796 2415 942 2482 acclivis.
994 2415 1101 2480 Hunc
1117 2436 1161 2480 ex
1177 2436 1251 2481 om-
1272 2429 1311 2496 19

185 2531 286 2596 nibus
309 2530 380 2595 iere
402 2527 556 2613 partibus
579 2528 676 2611 paliis
698 2525 846 2591 difficilis
867 2535 971 2609 atque
995 2523 1160 2608 impedita
1182 2523 1252 2588 cin·

184 2641 301 2724 gebat,
323 2645 393 2704 non
415 2637 517 2703 letior
536 2635 682 2720 pedibus
704 2654 734 2700 L.
786 2634 868 2699 Hec
888 2638 924 2699 se
945 2633 1032 2699 colle
1053 2632 1253 2716 interruptis

186 2750 352 2833 pontibus
378 2747 465 2814 Galli
491 2744 618 2811 bdeciai
644 2745 710 2809 loci
736 2743 962 2809 continebant
988 2741 1251 2826 generatimque

186 2859 361 2924 distributi
393 2857 444 2941 [in
471 2855 646 2938 civitetes]
679 2852 796 2919 omnia
823 2853 909 2918 vada
941 2853 998 2936 [aie
1025 2851 1148 2934 saluis]
1179 2850 1304 2915 eiusne

187 2967 320 3051 paludis
335 2967 552 3042 obtinebant,
568 2971 616 3030 sic
631 2963 748 3029 animo
764 2967 874 3046 parati
891 2971 939 3038 ut,
956 2967 984 3025 si
999 2981 1073 3025 eam
1092 2959 1253 3043 paludem

187 3076 337 3141 Romani
354 3095 577 3159 perrumpere
595 3079 815 3149 cenerentur,
832 3069 1041 3136 haesitantes
1058 3077 1253 3152 premerent

186 3207 230 3250 ex
250 3185 328 3250 loce
347 3183 524 3267 superiore
531 3205 539 3260 ;
559 3193 608 3258 ut,
628 3187 688 3264 qui
707 3179 1004 3264 propinquitetem
1025 3178 1091 3243 loci
1111 3175 1254 3253 videret,

187 3299 326 3377 paretes
349 3313 457 3376 prope
480 3296 593 3375 aeque
617 3290 732 3354 Merte
754 3289 796 3353 ad
820 3286 1055 3352 dimicandum
1079 3285 1254 3351 existime-

186 3412 255 3480 ret;
280 3407 338 3487 qui
362 3399 582 3485 iniquitetem
607 3395 823 3463 condicienis
846 3394 1067 3480 perspiceret,
1092 3393 1185 3459 inani
1210 3393 1252 3459 si·
1272 3417 1302 3467 κς

185 3509 378 3576 muletiene
395 3515 470 3574 sese
489 3513 649 3573 ostenere
668 3511 907 3591 cegnesceret.

256 3619 485 3704 Indignantes
501 3615 626 3682 milites
644 3613 780 3690 Caesar,
797 3612 893 3697 quod
909 3617 1136 3695 censpectum
1152 3631 1254 3676 suum

186 3729 305 3794 hostes
320 3727 407 3793 lerre
422 3735 562 3810 possent
578 3722 713 3789 tantulc't
729 3721 841 3805 spatie
857 3720 1049 3798 interiectc'),
1065 3731 1098 3787 et
1115 3726 1255 3805 signum

189 3837 297 3921 proeli
319 3839 550 3919 exposcentes
572 3832 696 3897 edocet
720 3835 852 3915 quanto
875 3829 1086 3895 detrimento
1109 3840 1143 3894 et
1168 3839 1256 3912 quot

187 3945 342 4012 virerum
362 3942 504 4010 lortium
525 3951 638 4006 morte
658 3959 797 4006 necesse
816 3937 860 4003 sit
879 3943 1039 4004 censtere
1058 3938 1255 4016 victoriam;
1274 3969 1307 4016 30
