3048 4444
547 336 665 393 LIBER
690 338 725 393 V.
752 337 835 394 CAP.
862 334 974 406 55-58.
1238 355 1297 418 139

229 517 426 587 Senonibus
449 528 483 584 et
506 515 716 584 Carnutibus
739 517 881 601 aliisque
904 516 1141 602 comploribus
1166 516 1295 583 Galliae

227 627 439 704 civitetibus;
460 627 527 692 hoc
549 626 679 691 itorum
699 646 761 710 per
781 625 867 691 fines
888 625 1082 691 Remorum
1103 632 1294 709 eorumque

227 742 331 821 agros
350 735 610 820 populetorum,
629 739 670 800 ec
689 732 892 819 priusquam
911 733 945 798 id
966 733 1077 811 iaciat,
1098 747 1209 799 castra
1229 734 1294 799 La-

227 845 319 912 bieni
334 849 632 929 oppugnatorum.
683 842 784 928 Quae
800 842 874 909 fieri
890 841 972 908 velit
988 842 1163 928 praecipit.

565 999 567 1004 ¹
592 1017 714 1070 Gauron
726 1017 763 1088 qs
776 1016 928 1070 Labienus.

296 1125 480 1208 Labienus,
499 1149 579 1193 cum
597 1138 631 1192 et
648 1127 715 1192 loci
732 1133 858 1193 natura
874 1137 910 1192 ct
928 1133 1033 1195 manti
1052 1127 1292 1195 monitissimis
1311 1132 1354 1203 57

228 1242 347 1301 castris
371 1243 446 1302 sese
470 1243 614 1314 teneret,
639 1236 683 1301 de
706 1242 770 1301 suo
794 1242 834 1301 oc
859 1235 1007 1320 legionis
1032 1238 1185 1322 periculo
1211 1237 1294 1301 nihil

228 1345 386 1422 timebat;
403 1351 566 1428 nequam
583 1344 869 1410 occesionem'rei
886 1345 974 1410 bene
991 1346 1164 1430 gerendae
1180 1346 1294 1438 dimit-

228 1464 315 1519 teret
334 1452 521 1538 cogitebat.
572 1454 695 1537 Itaque
713 1459 733 1519 e
753 1452 981 1540 Cingetorige
1000 1467 1104 1538 atque
1123 1455 1196 1520 eius
1216 1476 1294 1538 pro-

227 1562 365 1647 pinquis
382 1562 541 1627 oretione
560 1562 792 1627 Indittiomori
810 1563 953 1647 cognite
971 1584 1075 1646 quam
1094 1564 1128 1629 in
1147 1564 1295 1629 concilio

227 1672 406 1751 habuerat,
426 1672 569 1738 nontios
588 1671 700 1738 mittit
719 1673 762 1738 ad
782 1671 946 1739 finitimos
965 1673 1126 1740 civitotes
1144 1673 1293 1758 equites·
1314 1697 1345 1732 10

227 1803 295 1865 que
310 1781 464 1865 undique
479 1788 616 1859 evocat;
633 1781 685 1846 hIs
701 1793 830 1847 certam
847 1782 939 1847 diem
956 1783 1184 1849 conveniendi
1200 1782 1293 1848 dicit.

230 1890 373 1956 Interim
395 1912 504 1975 prope
527 1890 655 1956 cotidie
677 1912 757 1956 cum
780 1897 876 1956 omni
899 1891 1054 1975 equiteto
1080 1891 1295 1957 Indotiome-

228 2021 285 2065 rus
301 2001 364 2065 sub
381 2006 500 2065 castris
516 2000 590 2066 eius
605 2002 810 2085 vagobetur,
827 2000 909 2067 alies
926 2012 963 2066 ut
980 2000 1085 2066 situm
1103 2007 1295 2066 castrorum

228 2116 467 2194 cognosceret,
499 2109 582 2175 alies
613 2109 847 2193 conloquendi
878 2120 936 2175 aut
968 2109 1146 2175 territandi
1178 2115 1295 2186 cause;

228 2219 361 2302 equites
380 2220 584 2304 plerumque
604 2225 727 2285 omnes
746 2219 813 2284 tela
832 2219 922 2285 intre
942 2219 1069 2284 vellum
1090 2218 1291 2284 coiciebant.
1315 2229 1343 2277 15

232 2327 405 2394 Labienus
422 2335 503 2394 suos
518 2329 608 2394 intro
622 2328 855 2394 monitionem
871 2327 1076 2395 continebat
1093 2326 1297 2412 timorisque

229 2437 431 2520 opinionem
455 2436 733 2522 quibuscumque
757 2447 894 2522 poterat
918 2437 1020 2502 rebus
1043 2436 1204 2521 augebat.

473 2610 582 2681 Deseat
593 2610 658 2664 aad
664 2608 750 2662 death
766 2611 802 2682 os
815 2609 1044 2664 Indutiomarus.

298 2725 387 2793 Cum
404 2725 536 2792 meiore
553 2725 587 2790 in
604 2726 677 2791 dies
694 2726 957 2810 contemptione
975 2725 1235 2791 Indittiomorus
1252 2723 1294 2790 ad
1312 2716 1355 2796 58

230 2846 340 2901 castra
363 2834 552 2913 accederet,
576 2846 679 2901 nocte
703 2841 773 2900 ona
795 2835 1002 2900 intromissis
1025 2835 1199 2919 equitibus
1222 2855 1295 2899 om-

230 2942 325 3009 nium
348 2943 574 3009 finitimorum
596 2942 776 3009 civitetum
799 2949 888 3028 quos
911 2943 1134 3009 arcessendos
1157 2948 1296 3008 citrove·
1314 2957 1347 2993 20

230 3065 292 3131 rat,
315 3060 412 3120 tanto
433 3052 614 3138 diligentie
636 3059 758 3120 omnes
781 3059 864 3120 suos
885 3053 1052 3119 custodiis
1075 3053 1165 3118 intro
1186 3065 1297 3118 castra

234 3162 406 3229 continuit
426 3174 466 3229 ut
486 3164 580 3230 nolle
598 3164 733 3230 ratione
751 3186 790 3229 ca
810 3171 863 3230 res
881 3162 1055 3229 enontieri
1074 3173 1134 3228 aut
1154 3163 1197 3227 ad
1215 3161 1297 3226 Tre·

231 3278 331 3337 veros
353 3272 495 3355 perferri
519 3283 646 3358 posset.
698 3272 842 3337 Interim
867 3293 910 3337 ex
935 3269 1187 3337 consuetodine
1212 3276 1297 3335 coti-

230 3380 331 3447 diene
345 3381 606 3447 Indotiomorus
621 3382 664 3446 ad
679 3393 790 3446 castra
805 3381 937 3447 accedit
952 3391 1056 3465 atque
1071 3380 1117 3445 ibi
1133 3386 1297 3464 megnam

231 3500 364 3572 partem
387 3491 455 3556 diei
477 3490 666 3567 consumit;
690 3489 823 3573 equites
846 3491 914 3570 tela
936 3489 1088 3555 coiciunt
1112 3498 1145 3554 et
1169 3493 1297 3572 migne
1316 3507 1345 3556 2⁵

229 3620 309 3664 cum
323 3598 535 3665 contumelio
550 3599 735 3665 verborum
750 3605 891 3665 nostros
905 3599 948 3664 ad
964 3604 1120 3683 pugnam
1134 3604 1294 3663 evocant.

233 3705 339 3773 Nullo
355 3708 397 3774 ab
414 3713 543 3774 nostris
559 3708 642 3774 dato
658 3713 837 3792 responso,
855 3707 913 3772 ubi
930 3713 1042 3772 visum
1060 3717 1124 3784 est,
1142 3707 1206 3771 sub
1223 3726 1296 3770 ves-

231 3836 352 3899 perum
370 3816 515 3902 dispersi
531 3821 571 3882 ec
589 3815 745 3900 dissipoti
762 3814 954 3882 discedunt.

301 3924 425 3992 Subito
449 3924 625 3991 Labienus
648 3924 784 3990 duobus
806 3930 915 4009 portis
938 3945 1079 3989 omnem
1104 3924 1297 4009 equitotum
