3048 4444
519 361 636 413 LIBER
664 362 711 414 Vl.
738 363 821 416 CAP.
847 376 943 429 9-11·
1206 378 1264 442 ¹47

196 541 248 606 bis
265 539 393 605 auxilia
413 540 515 605 missa
535 561 609 606 esse
616 563 624 619 ;
644 539 819 606 Ubiorum
838 540 1108 606 satisfactionem
1128 539 1262 623 accipit,

195 649 308 716 aditos
324 649 466 734 viasque
482 648 516 714 in
534 649 669 716 Suebos
685 649 862 734 perquirit.

327 820 375 874 He
383 819 466 890 findi
477 818 544 873 that
555 819 604 873 the
617 819 704 874 Suebi
712 818 788 874 have
798 821 945 875 retreated
953 827 982 875 to
992 837 1012 874 a
1021 823 1123 892 forest.

264 929 411 996 Interim
427 935 546 1015 paucis
562 939 642 1015 post
660 929 782 996 diebus
798 929 837 996 fit
853 931 897 996 ab
914 929 1015 997 Ubiis
1031 931 1160 997 certior
1176 931 1260 998 Sue·
1283 947 1323 997 ιο

198 1040 262 1107 bos
277 1046 399 1105 omnes
416 1039 451 1104 in
467 1045 576 1105 unum
593 1040 710 1104 locum
727 1039 846 1125 copias
862 1046 998 1125 cogere,
1017 1049 1123 1124 atque
1139 1047 1187 1106 eis
1205 1047 1263 1106 na-

196 1147 358 1227 tionibus,
383 1171 472 1234 quae
495 1149 559 1215 sub
583 1154 705 1214 eorum
729 1147 797 1213 sint
822 1147 968 1233 imperio
993 1148 1197 1213 denuntiare
1221 1157 1258 1213 ut
1282 1175 1295 1224 5

194 1257 322 1322 auxilia
343 1257 520 1343 peditatus
540 1257 789 1343 equitatusque
812 1256 967 1323 mittant.
1019 1256 1085 1322 His
1108 1256 1261 1342 cognitis

195 1367 297 1434 rebus
317 1388 389 1432 rem
409 1366 671 1433 frumentariam
691 1365 863 1451 providet,
884 1372 1007 1431 castris
1026 1365 1191 1432 idoneum
1212 1365 1261 1430 lo-

194 1497 275 1541 cum
292 1475 431 1562 deligit;
449 1476 550 1543 Ubiis
568 1475 715 1561 imperat
734 1487 773 1542 ut
792 1496 919 1560 pecora
936 1474 1112 1541 deducant
1132 1496 1262 1560 suaque

195 1585 313 1651 omnia
333 1607 378 1650 ex
398 1592 491 1671 agris
511 1585 546 1650 in
567 1585 696 1670 oppida
717 1585 909 1662 conferant,
933 1589 1075 1669 sperans
1097 1583 1261 1649 barbaros

193 1704 299 1778 atque
312 1693 491 1780 imperitos
505 1693 664 1760 homines
677 1693 794 1779 inopia
807 1692 1016 1759 cibariorum
1030 1692 1203 1758 adductos
1217 1692 1261 1757 ad
1283 1724 1313 1760 ro

193 1802 348 1888 iniquam
368 1804 549 1889 pugnandi
570 1802 813 1869 condicionem
834 1824 936 1887 posse
956 1802 1082 1868 deduci
1089 1823 1097 1879 ;
1118 1800 1261 1867 mandat

195 2021 287 2106 apud
301 2027 361 2088 eos
375 2032 542 2107 gerantur
555 2027 783 2108 cognoscant.

265 2131 318 2195 Illi
334 2131 503 2215 imperata
519 2130 647 2196 faciunt
665 2141 699 2196 et
716 2137 834 2215 paucis
851 2129 972 2196 diebus
990 2129 1194 2195 intermissis
1211 2149 1262 2194 re-

195 2239 323 2305 ferunt:
345 2239 480 2306 Suebos
499 2246 631 2318 omnes,
652 2246 881 2325 posteaquam
901 2239 1065 2305 certiores
1086 2239 1198 2304 mintii
1219 2237 1262 2304 de
1282 2270 1310 2322 ις

165 2339 168 2344 ’
195 2348 350 2415 exercito
373 2349 616 2414 Romanorum
638 2349 805 2426 venerint,
828 2370 908 2414 cum
930 2348 1093 2415 omnibus
1115 2349 1185 2414 suis
1207 2369 1262 2414 so·

193 2457 398 2542 ciorumque
413 2457 533 2541 copiiS,
549 2464 635 2542 quas
649 2458 857 2543 coegissent,
873 2457 1011 2542 penitus
1026 2458 1068 2523 ad
1085 2464 1262 2524 extremos

194 2566 282 2632 fines
300 2573 337 2633 se
354 2565 538 2650 recepisse;
558 2566 678 2631 silvam
697 2587 772 2632 esse
789 2566 835 2631 ibi
854 2555 990 2633 infinita
1009 2568 1262 2652 magnitudine,

193 2697 282 2760 quae
295 2675 488 2760 appelletur
502 2675 661 2752 Bacenis;
675 2675 763 2740 hanc
777 2677 882 2760 longe
896 2675 1065 2742 introrsus
1080 2678 1262 2762 pertinere,

195 2795 230 2850 et
248 2791 312 2869 pro
332 2791 451 2850 nativo
470 2790 572 2849 muro
591 2784 764 2849 obiectam
786 2783 981 2851 Cheruscos
1000 2788 1043 2852 ab
1065 2786 1262 2853 Sueborum
1282 2817 1314 2853 20

196 2891 401 2977 Suebosque
426 2894 469 2958 ab
496 2892 753 2959 Cheruscorum
780 2893 911 2958 inioriIs
937 2893 1262 2980 incursionibusque

196 3002 394 3086 prohibere;
410 3001 453 3068 ad
468 3002 542 3067 eius
558 3001 661 3067 silvae
678 3001 815 3067 initium
832 3001 968 3069 Suebos
984 3004 1174 3071 adventum
1192 3005 1264 3070 Ro·

196 3117 380 3176 manorum
398 3117 601 3196 exspectare
620 3111 850 3178 constituisse.

399 3283 525 3337 Customs
536 3283 573 3354 os
587 3282 635 3336 tlte
649 3283 746 3337 Gauls.
785 3284 926 3339 Politt'cal
935 3289 1059 3356 partt'es.

266 3392 444 3477 Quoniam
464 3392 507 3460 ad
529 3392 621 3458 hunc
641 3393 757 3458 locum
779 3405 985 3478 perventum
1006 3407 1069 3474 est,
1091 3403 1161 3462 non
1183 3398 1262 3463 alie·
1283 3423 1320 3472 11

196 3523 280 3567 num
299 3523 373 3567 esse
392 3502 529 3568 videtur
546 3501 590 3567 de
610 3501 739 3568 Galliae
760 3502 1034 3588 Germaniaeque
1053 3506 1209 3571 moribus
1229 3517 1262 3571 et
1283 3542 1313 3592 25

197 3617 268 3694 quo
293 3609 455 3676 differant
479 3612 543 3676 hae
568 3611 727 3677 nationes
752 3611 841 3678 inter
866 3619 940 3678 sese
966 3619 1171 3699 proponere.
1222 3616 1263 3680 In

198 3719 308 3785 Gallia
322 3727 393 3785 non
409 3720 522 3786 solum
539 3721 572 3784 in
590 3721 753 3786 omnibus
768 3721 965 3788 civitatibus
981 3734 1086 3807 atque
1102 3724 1136 3788 in
1152 3725 1264 3790 omni-

196 3830 261 3894 bus
280 3835 379 3914 pagis
398 3829 633 3914 partibusque,
653 3830 713 3896 sed
732 3852 841 3914 paene
860 3832 964 3897 etiam
984 3832 1018 3897 in
1038 3833 1183 3918 singulis
1202 3835 1264 3899 do-

198 3937 312 4004 mibus
339 3938 507 4005 factiones
534 3949 629 4018 sunt;
657 3945 846 4024 earumque
873 3939 1064 4006 factionum
1093 3943 1264 4028 prmcipes
