3014 4452
650 331 763 385 BELLI
790 333 948 386 GALLICI

482 554 611 608 Caesar's
627 554 796 627 blockading
813 555 914 610 works.
962 556 1106 611 Trenches.

203 664 244 735 72
335 661 473 748 Quibus
493 664 595 730 rebus
613 665 766 751 cugnitis
785 687 830 731 ex
849 666 1003 752 perfugis
1022 677 1057 731 et
1077 673 1224 751 captivis
1245 665 1328 733 Cae-

264 791 319 836 sar
340 771 424 837 haec
447 794 575 857 genera
597 772 800 839 munitionis
821 773 980 839 instituit.
1031 773 1174 839 Fossam
1199 774 1327 857 pedum

264 899 316 944 xx
339 879 486 946 derectis
509 881 672 948 lateribus
694 882 805 960 duxit,
828 893 867 948 ut
888 882 962 948 eius
984 882 1095 948 fossae
1118 883 1231 948 solum
1254 895 1327 948 tan-

263 989 407 1054 tundem
427 996 571 1073 pateret,
592 1001 761 1074 quantum
781 1011 918 1057 summa
938 991 1031 1057 labra
1051 991 1231 1070 distarent3
1252 991 1327 1057 reli-

228 1125 241 1174 ⁵
262 1103 348 1182 ques
364 1105 486 1164 omnes
502 1099 714 1165 munitiones
729 1100 772 1166 ab
789 1106 829 1166 ee
845 1100 937 1165 fosse
953 1100 1058 1184 pedes
1075 1119 1161 1166 cccc
1177 1100 1327 1179 reduxit,

267 1206 336 1291 [id]
356 1207 423 1273 hoc
437 1207 593 1285 consilio,
609 1208 774 1293 quoniam
788 1218 925 1274 tantum
940 1219 1028 1276 esset
1043 1207 1236 1275 necessarie
1251 1229 1327 1292 spa-

261 1316 349 1382 tium
366 1318 582 1401 complexus,
599 1339 663 1384 nec
680 1317 777 1384 facile
793 1323 908 1384 toturn
926 1339 1015 1402 opus
1031 1324 1161 1384 corone
1177 1319 1326 1384 militum

262 1427 471 1511 cingeretur,
494 1433 538 1492 ne
559 1425 603 1492 de
625 1427 815 1511 improvisu
837 1437 896 1492 aut
920 1433 1026 1493 noctu
1049 1428 1091 1493 ad
1115 1427 1327 1494 munitiones

264 1535 457 1601 multitudo
476 1535 634 1601 hostium
655 1536 844 1616 advolaret,
866 1547 926 1602 aut
947 1535 1098 1602 interdiu
1119 1537 1189 1602 tela
1209 1536 1244 1602 in
1265 1560 1327 1602 no-

211 1675 243 1712 10
261 1650 352 1710 stres
366 1651 462 1730 operi
477 1643 674 1710 destinatus
688 1643 822 1710 coicere
837 1654 991 1728 possent.
1033 1644 1114 1710 Hoc
1129 1643 1327 1711 intermissu

261 1753 373 1838 spatie
389 1755 475 1819 dues
490 1753 600 1819 fossas
616 1772 666 1818 xv
682 1753 788 1837 pedes
804 1753 900 1830 lutea,
916 1752 1037 1818 eedem
1054 1752 1235 1818 altitudine
1251 1775 1327 1837 per-

260 1863 375 1942 duxit;
406 1869 553 1947 querum
585 1862 785 1928 interiorem
817 1861 1066 1946 campestribus
1098 1867 1138 1927 ac
1170 1862 1327 1928 demissis

261 1974 346 2038 locis
370 1978 459 2056 aque
484 1993 528 2037 ex
554 1971 696 2038 flumine
721 1971 875 2036 derivata
899 1971 1096 2054 complevit.
1159 1971 1242 2036 Post
1269 1978 1327 2038 ees

259 2103 424 2168 aggerem
442 2088 482 2148 ec
500 2081 629 2148 vallum
648 2099 706 2145 x11
724 2079 853 2164 pedum
872 2080 1064 2158 exstruxit;
1083 2080 1163 2146 huic
1182 2081 1324 2147 loricam

211 2219 239 2270 15
260 2191 452 2276 pinnasque
484 2191 620 2267 adiecit,
654 2188 843 2275 grandibus
876 2195 985 2254 cervis
1017 2189 1250 2256 eminentibus
1283 2190 1325 2256 ad

260 2302 505 2368 commissuras
531 2302 730 2385 pluteorum
755 2309 860 2382 atque
885 2297 1033 2384 aggeris,
1060 2306 1119 2384 qui
1144 2306 1325 2367 ascensum

240 2413 414 2478 bostium
441 2412 632 2488 tardarent;
659 2419 693 2476 et
721 2414 832 2475 turres
859 2414 937 2475 tute
964 2427 1070 2494 opere
1098 2409 1325 2476 circumdedit

260 2544 348 2608 quae
370 2523 475 2607 pedes
497 2539 601 2585 Lxxx
623 2519 711 2584 inter
732 2525 768 2585 se
790 2519 968 2585 distarent.

386 2700 436 2753 An
454 2697 596 2753 elaborate
612 2703 713 2769 system
731 2698 767 2768 of
781 2697 966 2751 obstructiom
983 2697 1048 2751 and
1061 2698 1195 2768 defenser.

200 2842 241 2913 73
329 2827 415 2892 Erat
435 2827 559 2892 eedem
580 2836 739 2910 tempore
759 2836 793 2891 et
813 2825 988 2890 materiari
1008 2835 1043 2890 et
1064 2824 1268 2896 frumentari
1289 2833 1323 2889 et

209 2967 240 3004 20
259 2945 371 3002 tantas
384 2936 596 3002 munitiones
610 2935 683 3000 fieri
697 2956 847 3012 necesse,
863 2933 1050 3000 deminutis
1064 2938 1191 2998 nostris
1205 2931 1324 3016 copiis,
1364 3015 1366 3021 Ι

260 3067 347 3130 quae
369 3044 510 3130 longius
531 3049 552 3110 a
574 3050 695 3110 castris
718 3043 1047 3131 progrediebantur3
1069 3048 1108 3108 ac
1131 3048 1202 3108 non
1225 3063 1324 3106 num-

259 3176 363 3238 quam
379 3175 484 3238 opera
501 3163 619 3219 nostra
634 3151 722 3219 Galli
738 3159 909 3238 temptare
925 3163 1028 3236 atque
1044 3151 1264 3233 eruptionem
1280 3170 1324 3215 ex

260 3264 391 3349 oppido
418 3263 573 3348 pluribus
601 3268 710 3347 portis
737 3269 873 3328 summe
899 3267 933 3327 vi
959 3260 1069 3326 iacere
1097 3261 1323 3325 conabantur.

260 3375 379 3459 Quare
396 3373 438 3438 ad
457 3373 541 3437 haec
559 3377 676 3437 rursus
694 3392 799 3455 opera
816 3370 1015 3436 addendum
1035 3368 1162 3434 Caesar
1178 3368 1324 3452 putavit,

208 3516 238 3565 25
259 3491 329 3569 que
352 3483 486 3548 minore
509 3487 655 3547 numero
678 3480 828 3545 muitum
850 3479 1062 3543 munitiones
1085 3477 1223 3543 defendi
1246 3499 1325 3561 pos-

261 3604 348 3660 sent.
391 3592 516 3676 Itaque
532 3595 664 3656 truncis
681 3589 844 3654 arborum
862 3598 922 3653 aut
941 3587 1131 3653 admodum
1149 3586 1256 3651 firmis
1274 3593 1325 3652 ra-

257 3709 322 3768 mis
337 3702 487 3779 abscisiS,
502 3710 610 3784 atque
625 3698 752 3763 herum
767 3696 943 3763 delibratis
958 3702 998 3762 ac
1014 3702 1209 3780 praeacutis
1225 3700 1325 3760 cacu-

259 3812 419 3887 minibus,
440 3820 627 3894 perpetuae
646 3807 757 3872 iossae
777 3811 901 3889 quinos
920 3805 1025 3888 pedes
1044 3804 1133 3870 altae
1153 3803 1325 3869 duceban-

259 3932 324 3986 tur.
375 3920 457 3985 Huc
476 3919 523 3982 illi
541 3916 676 4000 stipites
694 3915 833 3994 demissi
852 3925 885 3980 et
903 3915 946 3979 ab
964 3913 1086 3979 infime
1106 3914 1261 3992 revincti,
1282 3919 1325 3979 ne
