3014 4452
532 319 649 374 LIBER
676 319 739 378 Vll.
766 319 850 377 CAP.
875 319 988 377 80-82.
1232 336 1289 386 221

228 504 353 563 maesti
375 520 484 583 prope
508 497 654 565 victorie
678 501 862 584 desperote
887 507 923 567 se
948 501 983 565 in
1007 501 1178 586 oppidum
1201 505 1293 566 rece·

228 613 363 691 petunt.

483 725 558 796 They
575 727 675 780 attach
692 726 741 780 the
757 728 885 782 Romans
901 733 935 781 at
952 727 1046 799 ntght.

296 835 380 918 Uno
403 852 459 918 die
481 852 677 919 intermisso
700 853 788 919 Galli
809 865 913 938 atque
936 853 1003 919 hoc
1025 852 1138 937 spatio
1161 852 1292 939 magno
1311 861 1352 926 81

226 961 383 1039 cratium,
401 962 582 1040 scelerum,
599 963 842 1048 harpagonum
859 968 1006 1029 numero
1024 962 1162 1041 effecto,
1179 963 1294 1030 medie

228 1081 331 1136 nocte
355 1071 491 1138 silentio
515 1094 559 1138 ex
583 1079 703 1138 castris
726 1079 857 1159 egressi
879 1073 922 1139 ad
946 1080 1157 1158 campestres
1181 1080 1327 1152 moni-5

226 1180 339 1246 tiones
359 1181 538 1247 accedunt.
588 1181 713 1248 Subito
734 1182 885 1249 clamore
905 1183 1054 1262 sublato,
1075 1190 1144 1268 quo
1164 1183 1295 1269 signifi-

227 1289 363 1355 catione
376 1295 435 1374 qui
449 1289 483 1354 in
496 1289 628 1376 oppido
642 1291 894 1358 obsidebantur
906 1293 950 1358 de
964 1299 1028 1359 suo
1042 1294 1196 1360 adventu
1211 1300 1295 1379 cog-

226 1404 369 1465 noscere
385 1411 539 1484 possent,
556 1407 667 1467 crates
684 1401 850 1486 proicere,
868 1401 995 1480 fundis,
1012 1403 1158 1488 sagittis,
1176 1400 1295 1487 lapidi-

227 1509 291 1575 bus
308 1515 447 1574 nostros
463 1509 507 1575 de
521 1510 612 1575 vallo
629 1511 834 1595 proturbore
850 1511 1051 1597 reliquaque
1067 1533 1155 1597 quae
1172 1511 1215 1578 ad
1232 1533 1295 1595 op·

227 1617 482 1702 pognationem
508 1617 682 1702 pertinent
708 1630 830 1703 parant
857 1620 1106 1686 administrare.
1157 1620 1294 1686 Eodem
1314 1651 1345 1688 ιο

227 1738 386 1811 tempore
407 1728 559 1793 clomore
580 1726 747 1793 exaudito
769 1727 828 1793 dat
848 1728 933 1794 tubo
954 1735 1094 1814 signum
1116 1735 1186 1795 suis
1206 1729 1293 1795 Ver-

228 1837 425 1923 cingetorix
443 1847 547 1921 atque
566 1857 610 1902 ex
629 1835 761 1920 oppido
779 1837 905 1903 edocit.

297 1946 429 2026 Nostri,
443 1958 480 2012 ut
494 1945 730 2031 superioribus
743 1947 864 2014 diebus
878 1968 960 2013 suus
974 1946 1098 2032 cuique
1112 1958 1183 2013 erat
1198 1947 1294 2012 locus

227 2057 425 2136 attribotuS,
453 2057 496 2123 ad
523 2056 735 2125 monitiones
762 2058 947 2136 accedunt;
974 2056 1089 2122 lundis
1116 2056 1293 2134 librilibus,

226 2167 439 2252 sudibusque
463 2173 549 2252 quos
573 2167 607 2234 in
633 2189 738 2254 opere
762 2167 1016 2253 disposuerant,
1042 2173 1083 2233 oc
1108 2166 1293 2253 glandibus
1315 2195 1343 2245 ις

227 2276 344 2343 Gallos
363 2285 568 2362 proterrent.
619 2279 812 2363 Prospectu
831 2279 982 2344 tenebris
1001 2276 1166 2360 adempto
1186 2276 1295 2341 multa

227 2386 403 2472 utrimque
418 2388 561 2453 vulnera
576 2387 795 2472 accipiuntur
801 2409 809 2465 ;
825 2387 1006 2472 complora
1022 2392 1208 2453 tormentis
1224 2385 1295 2451 tela

229 2497 433 2563 coiciuntur.
483 2499 531 2563 At
558 2499 608 2563 M.
634 2497 810 2563 Antonius
834 2507 868 2562 et
893 2496 931 2563 C.
956 2495 1152 2562 Trebonius
1177 2495 1293 2579 legati,

228 2605 354 2692 quibus
371 2607 435 2673 hae
452 2614 567 2691 partes
584 2607 627 2672 ad
644 2604 900 2672 defendendum
919 2605 1143 2681 obvenerant,
1162 2609 1231 2688 que
1250 2624 1295 2669 ex

229 2727 326 2802 parte
348 2723 488 2783 nostros
509 2722 620 2800 premi
641 2715 892 2791 intellexerant,
915 2714 968 2778 his
989 2713 1119 2778 auxilio
1142 2734 1187 2778 ex
1209 2712 1295 2778 ulte·
1315 2747 1348 2783 20

229 2825 378 2892 rioribus
401 2826 548 2891 castellis
570 2823 740 2890 deductos
763 2821 1023 2888 submittebant.

563 3013 626 3067 But
642 3028 695 3065 are
712 3013 804 3089 again
822 3008 961 3081 repubed.

299 3141 395 3207 Dum
410 3139 550 3225 longius
565 3146 586 3206 ἑ
601 3138 795 3205 monitione
812 3137 953 3204 aberant
971 3134 1070 3213 Galli,
1086 3133 1163 3218 plos
1180 3131 1295 3198 multi·
1313 3153 1356 3218 82

229 3249 349 3315 todine
370 3251 520 3316 telorum
542 3247 783 3334 proficiebant;
804 3251 1032 3332 posteaquam
1055 3242 1198 3328 propius
1219 3262 1295 3307 suc-

229 3365 417 3436 cesserunt,
436 3369 496 3424 aut
514 3365 551 3424 se
569 3357 716 3423 stimulis
735 3356 954 3440 inopinantes
973 3353 1163 3419 induebant
1182 3361 1241 3417 aut
1260 3350 1295 3415 in

229 3471 369 3535 scrobes
385 3469 490 3534 delati
506 3466 824 3533 trainslodiebantur
840 3474 899 3530 aut
916 3486 960 3530 ex
977 3463 1068 3530 vallo
1085 3469 1126 3528 oc
1144 3460 1296 3526 turribus
1315 3493 1345 3543 25
1386 3477 1389 3484 '

227 3579 362 3646 traiecti
375 3578 452 3663 pilis
466 3577 655 3642 murolibus
670 3575 866 3641 interibant.
917 3573 1039 3639 Multis
1054 3571 1208 3656 undique
1222 3571 1296 3636 vul-

228 3688 368 3755 neribus
383 3693 543 3771 acceptiS‚
558 3686 652 3751 nollo
665 3683 860 3750 monitione
874 3686 1050 3766 perrupto,
1066 3701 1146 3748 cum
1161 3681 1222 3746 lox
1238 3679 1296 3746 ad-

229 3807 373 3882 peteret,
387 3797 487 3862 veriti
501 3801 543 3862 ne
557 3795 600 3861 ab
615 3795 719 3860 latere
733 3797 854 3876 aperto
868 3813 912 3857 ex
926 3790 1162 3874 superioribus
1177 3794 1296 3854 castris

228 3905 410 3990 eruptione
424 3905 766 3979 circumvenirentur,
780 3907 817 3966 se
830 3901 872 3966 ad
887 3906 969 3966 suos
983 3905 1198 3982 receperunt.
1247 3897 1295 3963 At
