3000 4456
565 329 682 383 LIBER
709 331 728 385 Ι,
756 331 839 385 CAP.
865 344 942 396 2-4
1270 349 1287 410 3

220 514 353 585 nerent,
385 512 612 592 comparare„
632 507 869 574 iumentorum
901 519 935 574 et
968 515 1146 574 carrarum
1179 529 1285 593 quarn

220 617 415 684 maximum
439 638 624 683 numerum
649 619 820 694 coemere,
847 623 1019 683 sementes
1043 638 1148 701 quam
1174 618 1284 683 maxi-

218 732 293 791 mas
306 725 429 803 facere,
444 737 482 791 ut
497 725 532 790 in
547 725 669 791 itinere
684 724 784 809 copia
798 725 963 790 frumenti
977 736 1188 810 suppeteret,
1204 748 1284 792 cunr

219 835 389 920 proximis
411 834 609 900 civitatibus
632 840 753 918 pacem
777 845 811 900 et
834 834 1021 900 amicitiam
1044 835 1260 901 confirmare.

289 943 346 1009 Ad
374 949 431 1009 eas
458 949 512 1009 ras
540 942 773 1009 canficiendas
801 943 980 1009 biennium
1009 943 1073 1010 sibi
1100 945 1182 1011 satis
1210 966 1317 1016 esses

219 1053 411 1132 dixerunt3
436 1052 471 1117 in
496 1051 639 1118 tertium
664 1073 795 1118 annum
820 1052 1073 1137 profectionem
1100 1055 1176 1139 lege
1202 1061 1283 1121 can-

218 1161 367 1228 firmant.
427 1161 501 1246 [Ad
530 1167 588 1227 eas
616 1167 670 1227 ras
699 1159 950 1246 conficiendas]
985 1162 1180 1248 Orgetorix
1211 1163 1282 1229 dux

218 1271 393 1357 daligitur.
445 1272 479 1337 ls
508 1271 607 1356 [sibi]
638 1271 853 1356 legationem
877 1273 920 1338 ad
945 1272 1104 1339 civitates
1129 1273 1282 1358 suscipit.

219 1381 261 1446 In
279 1387 322 1447 eo
341 1381 465 1447 itinere
483 1381 667 1466 persuadet
688 1379 840 1461 Casticr'n
862 1381 1184 1449 Catamantaloedis
1203 1383 1285 1463 filio,

217 1488 390 1574 Sequano,
407 1489 504 1555 caius
519 1501 618 1575 pater
632 1495 781 1583 regnum
795 1489 829 1556 in
845 1490 1014 1576 Sequanis
1029 1493 1159 1558 multas
1174 1499 1284 1557 annas
1306 1517 1336 1552 10

218 1597 419 1664 obtinuerat
439 1608 473 1665 et
492 1605 512 1664 a
530 1604 656 1665 senata
675 1601 796 1685 populi
816 1601 967 1667 Ramani
986 1608 1118 1668 amicus
1138 1602 1286 1687 appella-

219 1719 277 1774 tus
300 1719 385 1786 erat,
411 1719 450 1774 ut
475 1714 626 1793 ragnum
650 1708 684 1774 in
710 1710 854 1777 civitate
879 1699 940 1776 sua
965 1718 1164 1796 occuparet,
1190 1711 1286 1796 quod

216 1828 316 1902 pater
332 1829 415 1883 ante
432 1816 606 1896 habuerit;
631 1817 786 1903 itemque
806 1819 1018 1905 Dumnorigi
1037 1820 1200 1899 Haedua,
1221 1820 1286 1886 fra-

219 1932 263 1991 tri
289 1925 467 2005 Diviciaci,
493 1932 551 2011 qui
576 1933 618 1994 eo
643 1940 802 2013 tempore
826 1929 1059 2014 principatum
1084 1929 1118 1995 in
1142 1929 1285 1996 civitate

218 2034 402 2101 obtinebat
416 2041 457 2101 ac
471 2036 623 2103 maxima
636 2036 728 2122 plebi
742 2047 906 2122 acceptus
920 2049 1005 2117 erat,
1020 2049 1059 2103 ut
1074 2038 1166 2104 idem
1182 2044 1285 2104 crina-
1306 2060 1332 2110 15

217 2149 314 2210 retur
327 2144 524 2228 persuadet,
539 2151 639 2229 eique
652 2145 759 2211 filiam
774 2167 871 2212 suam
885 2147 918 2211 in
935 2147 1198 2213 matrimonium
1213 2149 1282 2213 dat.

288 2252 454 2320 Perfacile
483 2253 577 2319 iacta
605 2275 679 2343 esse
707 2254 771 2319 illis
799 2255 925 2339 probat
955 2262 1083 2321 cauata
1112 2256 1283 2340 perficere,

216 2485 323 2541 esset:
349 2481 420 2540 nan
442 2496 515 2541 esse
537 2475 682 2540 dubium
702 2481 785 2559 quin
809 2480 920 2540 tatius
943 2473 1073 2540 Galliae
1095 2474 1282 2559 plarimum

219 2584 375 2651 Helvetii
401 2595 561 2669 possent;
586 2590 623 2649 sa
648 2590 718 2650 suis
744 2583 854 2669 capiis
880 2591 1013 2668 suaque
1039 2584 1193 2650 exercitii
1220 2585 1285 2650 illis
1303 2610 1334 2646 ρο

214 2700 323 2778 regna
338 2693 606 2759 conciliaturum
622 2692 819 2759 confirmat.
870 2694 949 2759 Hac
965 2693 1125 2759 aratiane
1142 2695 1285 2760 adducti

217 2802 306 2869 inter
324 2809 360 2869 se
377 2803 484 2869 fidem
502 2814 535 2869 et
554 2802 606 2867 iiis
625 2801 808 2868 iarandum
827 2800 910 2866 dant
928 2812 962 2867 et
982 2808 1092 2886 regna
1111 2809 1283 2886 occupata

160 2972 166 2978 .
216 2933 278 2996 per
302 2919 372 2978 tras
396 2910 664 2997 potentissimos
688 2917 728 2977 ac
754 2910 970 2976 firmissimas
996 2911 1146 2995 populas
1174 2918 1285 2977 totius

217 3019 347 3087 Galliae
366 3027 440 3088 sese
458 3027 565 3106 potiri
583 3041 686 3104 posse
704 3026 855 3104 sperant.

525 3231 584 3284 His
595 3230 677 3290 trial,
690 3233 793 3300 escape,
807 3229 870 3282 and
878 3228 973 3282 death.

285 3357 336 3424 Ea
349 3364 404 3424 ras
419 3369 471 3424 est
489 3357 663 3424 Helvetiis
677 3379 738 3442 per
753 3355 918 3421 indicium
934 3355 1125 3420 enuntiata.
1176 3355 1285 3420 Mari·
1302 3346 1323 3411 4

215 3466 279 3533 bus
295 3473 366 3533 suis
382 3466 636 3552 Orgetorigem
652 3489 697 3533 ex
714 3467 860 3532 vinculis
875 3486 1014 3530 causam
1031 3466 1144 3531 dicere
1160 3471 1285 3550 coage-

217 3588 313 3656 runt;
335 3577 538 3642 damnatum
560 3597 709 3660 poenam
732 3581 830 3658 sequi
851 3576 1036 3659 oportebat
1058 3584 1096 3640 ut
1118 3581 1192 3659 igni
1213 3596 1284 3640 cre-

218 3690 379 3751 maretur.
432 3683 499 3750 Dia
524 3682 721 3750 constituta
747 3704 871 3749 causae
897 3682 1060 3749 dictiarris
1088 3683 1283 3768 Orgetorix
1367 3753 1369 3757 ,

216 3792 259 3859 ad
277 3791 443 3860 iudicium
460 3815 602 3860 omnem
619 3814 717 3860 suam
735 3792 911 3872 familiam,
930 3793 974 3859 ad
992 3792 1175 3858 hominum
1194 3792 1287 3858 milia

214 3901 344 3982 decem,
362 3902 515 3988 undique
532 3902 659 3988 coagit
677 3913 711 3968 et
729 3907 851 3968 omnes
868 3901 1012 3967 clientas
1028 3901 1284 3984 obaeratasque
1304 3928 1336 3974 3)
