3048 4444
540 373 658 428 LIBER
683 375 747 428 Vll.
774 375 858 430 CAP.
883 375 960 440 4-6.

442 591 491 646 He
499 593 600 664 forces
616 592 665 646 the
681 593 834 665 Bituriges
851 599 880 648 to
888 597 958 665 juin
976 593 1048 648 Ιιὶηι,

286 711 353 778 His
375 712 552 796 suppliciis
575 714 731 780 celeriter
753 721 877 781 coacto
901 713 1055 779 exercitii
1081 711 1321 792 Lucteriumf,

217 820 426 900 Cadurcum,
445 842 601 890 summae
620 823 798 891 hominem
817 822 991 901 audaciae,
1011 843 1091 888 cum
1111 831 1207 906 parte
1227 826 1284 886 ce-

217 930 351 1016 piarum
372 931 407 995 in
428 931 587 997 Rutenes
608 931 729 1012 mittit;
751 932 823 1018 ipse
844 932 878 997 in
902 932 1077 1017 Bituriges
1098 929 1284 1015 proficisci-

216 1052 282 1106 tur.
343 1024 429 1106 Bius
458 1041 610 1107 adventu
641 1041 818 1127 Bituriges
847 1041 890 1108 ad
923 1040 1103 1118 Haedues,
1133 1045 1284 1123 quorum

217 1160 314 1216 erant
334 1151 369 1215 in
391 1148 469 1228 fide,
490 1150 626 1236 legatos
647 1149 792 1228 mittunt
812 1149 1005 1216 subsidium
1027 1155 1191 1236 rogaitum
1213 1153 1316 1231 quos

217 1258 349 1325 facilius
370 1259 524 1325 hostium
547 1260 665 1344 copies
689 1259 857 1325 sustinere
881 1260 1024 1344 possint.
1075 1258 1215 1325 Haedui
1239 1259 1283 1324 de

217 1368 361 1434 consilio
381 1369 589 1454 legatorum,
609 1375 698 1453 ques
719 1366 845 1434 Caesar
864 1369 906 1434 ad
927 1367 1119 1435 exercitum
1140 1368 1285 1451 relique·

216 1487 279 1556 rat,
298 1477 416 1561 copies
435 1478 610 1562 equitatus
629 1477 873 1562 peditatusque
892 1476 1047 1542 subsidio
1070 1475 1285 1561 Biturigibus

217 1587 370 1678 mittunt.
420 1587 492 1672 Qui
509 1608 588 1653 cum
605 1587 647 1652 ad
666 1586 795 1651 flumen
814 1584 969 1670 Ligerim
986 1585 1171 1662 venissent,
1189 1585 1284 1669 quod

219 1695 392 1781 Bituriges
406 1697 450 1762 ab
465 1696 623 1762 Haeduis
638 1694 773 1773 dividit,
789 1701 919 1779 paucos
934 1693 1007 1760 dies
1021 1694 1066 1759 ibi
1082 1701 1209 1761 morssati
1224 1716 1282 1759 ne·
1303 1719 1334 1755 ιο

217 1827 284 1890 que
305 1805 433 1870 flumen
454 1811 598 1871 transire
619 1811 709 1882 ausi,·
724 1804 870 1871 domum
892 1813 1123 1880 revertuntur,
1145 1805 1282 1888 legatis-

216 1936 283 1999 que
304 1921 431 1980 nostris
453 1915 651 1980 renuntiant
673 1921 710 1980 se
732 1914 931 1998 Biturigum
953 1911 1133 1997 perfidiam
1156 1912 1283 1977 veritds

218 2025 408 2101 revertisse,
434 2024 560 2109 quibus
587 2023 620 2088 id
645 2023 767 2089 censili
793 2022 897 2089 luisse
921 2022 1153 2108 cogneverint
1180 2033 1230 2099 ut,
1256 2029 1284 2086 si

215 2133 343 2200 flumen
370 2139 584 2210 transissent,
611 2138 680 2198 tine
705 2154 750 2197 ex
777 2143 874 2216 parte
899 2132 975 2218 ipsi,
1002 2133 1108 2199 alteri
1136 2132 1282 2199 Arverni

215 2249 251 2309 se
279 2242 579 2309 circumsisterent.
635 2240 675 2306 Id
705 2247 790 2308 eene
820 2241 863 2308 de
890 2249 994 2309 cause
1024 2264 1128 2327 quam
1159 2243 1282 2329 legitis
1303 2268 1331 2318 ις

216 2351 471 2436 ρτόηῐιηῑίἑτίηῑ
517 2371 561 2415 an
607 2350 751 2434 perfidiis
797 2350 938 2417 adducti
985 2351 1139 2430 iecerint,
1187 2352 1282 2437 quod

216 2460 297 2525 nihil
319 2460 420 2525 nobis
438 2466 585 2537 constat,
606 2466 678 2526 non
699 2459 836 2525 videtur
857 2467 920 2544 pro
940 2468 1036 2527 certo
1056 2483 1130 2527 esse
1151 2468 1282 2546 ponen-

215 2570 308 2634 dum.
363 2568 537 2653 Bituriges
565 2575 686 2634 cerum
715 2568 867 2634 discessu
896 2570 1013 2637 statim
1043 2578 1079 2638 se
1109 2593 1188 2638 cum
1217 2572 1282 2636 Ar·

216 2685 328 2745 vernis
348 2677 578 2762 coniungunt.

418 2848 525 2903 Caesar
541 2847 615 2902 wt'th
634 2848 773 2919 difficulty
789 2850 906 2905 reaches
924 2851 972 2906 his
988 2869 1080 2924 army.

287 2958 353 3026 His
370 2960 472 3025 rebus
489 2959 523 3023 in
542 2942 677 3025 ltaliam
695 2958 832 3027 Caesari
850 2962 1027 3040 nuntiatis,
1045 2985 1124 3028 cum
1143 2963 1210 3029 iam
1228 2964 1283 3030 ille
1300 2963 1322 3029 6

218 3069 365 3134 urbenes
385 3075 438 3134 res
460 3067 587 3133 virtrite
608 3067 670 3134 Cn.
695 3069 842 3154 Pompei
862 3072 1139 3139 commodiorem
1161 3073 1195 3139 in
1217 3084 1284 3140 sta-

217 3188 292 3243 tum
318 3177 513 3261 pervenisse
536 3177 764 3263 intellegeret,
789 3178 824 3243 in
848 3180 1111 3266 Transalpinam
1138 3182 1284 3250 Galliam

217 3286 392 3372 proiectus
407 3297 468 3352 est.
520 3287 573 3352 Eo
589 3307 669 3352 cum
685 3287 846 3366 venisset,
862 3295 992 3375 magne
1008 3290 1211 3358 difficultate
1227 3292 1285 3358 ad-

218 3395 407 3472 ficiebritur,
428 3401 497 3480 que
519 3395 652 3462 ratiene
674 3395 716 3462 ad
738 3396 931 3464 exercitum
954 3407 1133 3483 pervenire
1155 3414 1282 3486 posset.

219 3505 310 3571 Nam
335 3511 363 3570 si
385 3505 540 3591 legiones
564 3505 598 3571 in
622 3505 835 3589 previnciam
859 3521 1055 3588 arcesseret,
1079 3519 1116 3577 se
1140 3514 1283 3580 absente
1304 3534 1333 3584 25

218 3613 252 3678 in
289 3613 409 3680 itinere
445 3612 578 3698 proelis)
614 3614 837 3681 dimiceturiss
873 3615 1110 3703 intellegebat;
1147 3629 1175 3686 si
1211 3623 1284 3707 ipse

217 3722 260 3787 ad
282 3723 474 3788 exercitum
498 3722 735 3798 contenderet,
759 3731 803 3789 ne
825 3731 873 3790 eis
896 3726 1037 3810 quidem
1060 3734 1103 3795 eb
1125 3741 1284 3817 tempore

217 3837 276 3914 qui
307 3833 415 3916 quieti
447 3831 647 3897 viderentur
678 3852 777 3898 suam
809 3834 955 3900 saltitem
987 3843 1081 3902 recte
1112 3841 1284 3906 committi

216 3937 364 4006 videbat.
