3000 4456
533 346 649 398 LIBER
674 346 694 397 l.
721 347 804 401 CAP.
831 361 872 413 3²·
1195 363 1234 428 ²3

166 523 331 603 cundum,
357 524 595 601 temererium;
619 530 689 590 nen
714 546 816 609 posse
839 524 913 590 eius
936 524 1081 609 imperia
1103 523 1236 591 diritius

166 632 338 708 sustineri.

237 739 312 806 Nisi
330 740 413 825 quid
431 740 466 805 in
486 740 631 807 Caesare
649 741 851 826 populoque
872 741 1035 807 Remend
1054 741 1097 806 sit
1116 739 1233 818 auxili,

166 849 330 916 omnibus
347 850 455 917 Gallis
471 850 564 917 idem
581 872 655 917 esse
672 849 880 930 iaciendum,
899 852 996 936 quod
1016 850 1171 917 Helvetii
1189 851 1236 917 le-

166 959 287 1038 cerint,
311 971 350 1025 ut
375 960 483 1026 domo
505 959 690 1045 emigrent,
713 960 806 1026 aliud
829 960 1055 1038 domicilium,
1079 961 1162 1026 alies
1184 967 1267 1027 se-s

167 1069 238 1146 des,
263 1074 458 1134 remetissi
483 1067 675 1147 Germenis,
701 1079 823 1154 petant
850 1069 1107 1154 fortenamque,
1134 1091 1236 1154 quae-

166 1198 316 1262 cumque
330 1175 476 1256 accidat,
493 1176 727 1261 experiantur.
779 1177 878 1243 Haec
894 1182 922 1243 si
937 1177 1119 1244 enentieta
1133 1178 1235 1245 Ario-

167 1286 260 1353 viste
287 1285 367 1365 sint,
394 1292 465 1352 non
492 1285 659 1363 dubitere,
687 1293 770 1372 quin
797 1287 841 1353 de
867 1287 1030 1353 omnibus
1057 1287 1236 1354 obsidibus

167 1401 227 1480 qui
240 1394 419 1480 apudeum
434 1394 502 1460 sint
517 1393 761 1480 gravissimum
776 1393 984 1479 supplicium
998 1400 1123 1461 stimat.
1152 1396 1236 1462 Cae-

169 1525 281 1570 sarem
302 1504 355 1570 vel
378 1502 592 1569 aucteritz'tte
615 1509 677 1569 sue
699 1514 806 1588 atque
829 1503 1005 1571 exercitus
1028 1505 1082 1570 vel
1105 1511 1235 1571 recenti
1255 1525 1286 1562 10

167 1612 312 1679 victerie
330 1613 384 1678 vel
404 1612 545 1678 nemine
564 1613 685 1697 populi
705 1613 857 1678 Remeni
877 1613 1049 1680 deterrere
1070 1635 1171 1698 posse
1192 1621 1235 1680 ne

169 1721 280 1790 meior
311 1721 505 1787 multitt'rdo
537 1720 793 1787 Germanerum
825 1722 989 1788 Rhenum
1021 1724 1234 1803 traducetur,

168 1830 384 1916 Galliamque
398 1851 539 1896 omnem
553 1828 773 1897 abAriovisti
788 1829 911 1896 iniuriis
925 1853 1027 1916 posse
1041 1832 1234 1899 defendere.

241 2023 415 2078 Dein'ciacus
425 2022 563 2076 describes
574 2021 624 2076 the
633 2022 755 2093 hopeless
766 2023 910 2077 corrde'trhn
923 2025 959 2096 os
967 2023 1015 2077 the
1028 2023 1164 2094 Sequani.

236 2169 315 2234 Hec
335 2167 495 2236 eratione
516 2170 559 2237 ab
580 2169 761 2238 Diviciece
781 2170 901 2236 habite
921 2177 1053 2250 omnes,
1076 2176 1135 2255 qui
1156 2170 1234 2236 ade·
1250 2168 1293 2234 32

165 2289 253 2358 rant,
281 2285 413 2365 migne
439 2279 524 2346 fletti
552 2280 720 2347 auxilium
746 2287 766 2348 e
794 2279 939 2347 Caesare
966 2291 1085 2366 petere
1112 2287 1283 2365 coepe-15

164 2397 257 2454 runt.
307 2388 567 2455 Animadvertit
592 2389 719 2456 Caesar
741 2395 831 2456 fines
853 2411 898 2456 ex
920 2389 1083 2457 omnibus
1107 2388 1236 2475 Sequa-

164 2503 230 2563 nes
247 2496 331 2563 nihil
349 2504 467 2564 eirum
486 2505 601 2565 rerum
619 2498 740 2578 lacere,
760 2505 846 2584 ques
865 2505 972 2565 ceteri
991 2498 1154 2578 lacerent,
1175 2499 1235 2565 sed

166 2605 285 2674 tristes
309 2607 423 2692 capite
447 2607 599 2674 demisse
623 2617 752 2675 terram
776 2607 913 2674 intueri.
965 2591 1050 2674 Eius
1074 2614 1123 2674 rei
1147 2629 1235 2693 quae

166 2737 271 2782 causa
294 2727 384 2782 esset
410 2723 554 2783 miretus
578 2738 622 2782 ex
647 2717 730 2801 ipsis
754 2716 908 2802 quaesiit.
961 2716 1055 2783 Nihil
1082 2716 1233 2802 Sequani

166 2827 386 2911 respondere,
417 2826 476 2892 sed
505 2825 540 2892 in
570 2827 691 2893 eedem
721 2826 863 2893 tristitie
893 2826 993 2893 taciti
1022 2833 1232 2911 permanere.
1252 2842 1285 2880 ²0

167 2933 258 3001 Cum
286 2935 329 3002 ab
357 2935 410 3002 his
439 2934 576 3020 saepius
603 2946 784 3020 quaereret
814 2956 926 3021 neque
954 2935 1060 3002 fillam
1089 2941 1235 3001 omnine

166 3049 288 3108 vecem
306 3032 499 3128 exprimere
517 3053 645 3127 posset,
664 3044 757 3109 idem
776 3043 975 3110 Divicissacus
995 3043 1165 3110 Haeduus
1184 3065 1235 3109 re-

165 3151 323 3237 spondit:
347 3152 428 3218 Hec
450 3173 524 3219 esse
545 3151 759 3219 miserierem
780 3164 814 3218 et
838 3153 1033 3238 gravierem
1056 3152 1235 3218 iortt'rnam

168 3259 411 3347 Sequanerum
428 3261 772 3349 quam-reliquerum,
790 3263 884 3346 quod
902 3260 966 3326 soli
982 3267 1026 3327 ne
1042 3261 1076 3326 in
1093 3262 1234 3328 occulte

166 3369 307 3454 quidem
327 3377 425 3455 queri
445 3391 557 3455 neque
578 3370 746 3437 auxilium
766 3370 951 3455 implerere
971 3371 1151 3448 auderent,
1173 3371 1232 3436 ab·
1252 3391 1282 3440 ²5

166 3479 343 3565 sentisque
363 3477 534 3546 Ariovisti
555 3479 809 3560 credelitetem,
832 3481 927 3547 velut
950 3487 1117 3546 siceram
1138 3481 1235 3546 ades-

166 3599 230 3668 set,
259 3588 452 3668 horrerent,
481 3596 665 3675 propteree
693 3591 788 3674 quod
817 3589 955 3675 reliquis
984 3599 1101 3656 tamen
1131 3588 1235 3676 fugae

166 3698 311 3764 facultes
338 3697 488 3774 daretur,
517 3696 687 3781 Sequanis
714 3703 807 3772 vere,
836 3703 895 3780 qui
922 3697 1011 3764 intre
1038 3697 1124 3764 lines
1151 3704 1234 3763 suos

163 3804 384 3873 Ariovistum
407 3806 628 3891 recepissent,
651 3813 801 3891 querum
824 3805 953 3891 oppida
975 3806 1093 3873 omnia
1115 3807 1149 3872 in
1172 3829 1234 3894 po-

164 3920 295 3981 testete
315 3914 388 3981 eius
408 3925 533 3994 essent,
555 3921 678 3981 omnes
698 3914 873 3981 cruciett'rs
893 3925 1008 3982 essent
1030 3915 1232 4001 perferendi.
1252 3921 1284 3971 ³⁰

325 4015 341 4068 'i
