3044 4442
241 329 284 412 64
632 330 746 385 nem
772 330 931 386 onttrcr

243 517 353 577 veniri
373 532 486 595 neque
509 516 725 577 commeotirs
747 516 945 594 supportari
966 510 1160 576 interclosis
1182 507 1310 576 itineri-

245 621 310 685 bus
335 632 491 704 possent,
517 640 626 704 prope
653 619 722 685 iam
749 620 933 704 desperato
959 620 1071 686 salote
1098 626 1169 685 non
1196 620 1309 686 millae

244 728 317 795 eius
340 730 436 796 modi
459 728 651 796 sententiae
674 728 881 795 dicebantur
902 739 953 807 ut,
976 728 1236 812 impedimentis
1259 750 1310 795 re·

243 837 334 906 lictis
349 838 533 924 eruptione
550 836 651 917 lacto,
666 838 777 904 isdem
792 837 973 904 itineribus
989 836 1115 922 quibus
1132 844 1174 903 eo
1191 836 1310 922 perv'e-

211 970 223 1020 5
243 947 385 1027 nissent‚
404 949 447 1014 ad
464 949 613 1013 saltitem
631 929 898 1013 contenderent]
939 947 1066 1012 Meiori
1086 943 1203 1012 tamen
1221 953 1310 1031 parti

242 1056 372 1142 placuit
386 1058 453 1124 hoc
467 1063 643 1123 reservoto
657 1057 701 1123 ad
715 1063 915 1122 extremum
930 1062 1050 1122 cesum
1062 1055 1207 1122 consilio
1221 1055 1310 1122 inte-

243 1167 308 1232 rim
324 1173 372 1233 rei
387 1174 554 1233 eventum
571 1173 719 1252 experiri
736 1177 771 1232 et
790 1177 903 1233 castra
920 1165 1114 1232 defendere,

374 1338 514 1409 Vaegrorous
525 1335 625 1391 attach
635 1338 668 1408 oy
679 1336 727 1391 tlte
738 1340 852 1392 nattbes
864 1354 900 1391 on
912 1337 961 1392 the
972 1337 1084 1391 Roman
1096 1339 1188 1406 camp.

204 1467 226 1534 4
314 1447 415 1512 Brevi
429 1447 544 1532 spatio
559 1446 752 1526 interiecto,
768 1445 826 1512 vix
843 1457 882 1513 ut
892 1453 946 1542 'eis
961 1447 1064 1513 rebus
1079 1453 1164 1532 quos
1180 1445 1308 1512 consti-

244 1557 389 1623 tuissent
405 1557 628 1624 conlocandis
644 1567 748 1640 atque
763 1556 1042 1623 administrandis
1059 1567 1196 1640 tempus
1213 1554 1309 1621 dare-

194 1692 225 1730 10
245 1677 312 1745 tur,
332 1667 450 1733 hostes
468 1688 511 1732 ex
532 1667 695 1733 omnibus
715 1666 870 1751 partibus
890 1673 993 1752 signo
1013 1666 1096 1732 dato
1116 1666 1308 1743 decurrere,

243 1775 373 1860 lapides
387 1797 560 1861 gaesaque
576 1775 611 1841 in
626 1776 754 1842 vellum
769 1775 913 1842 coicere.
954 1775 1077 1841 Nostri
1093 1781 1206 1860 primo
1222 1775 1309 1842 inte-

244 1891 315 1972 gris
341 1885 471 1952 viribus
495 1885 635 1952 fortiter
660 1891 883 1971 proptignare
909 1906 1021 1970 neque
1047 1885 1155 1951 ollum
1182 1885 1309 1951 lrtistro

244 1996 352 2062 telum
375 2017 419 2061 ex
441 1997 520 2062 loco
542 1995 719 2079 superiore
741 1995 889 2073 mittere,
912 2006 946 2061 et
967 2014 1207 2078 quaecumque
1230 2013 1308 2076 pars

243 2110 436 2171 castrorum
468 2104 601 2170 nodota
630 2104 870 2170 defensoribus
901 2110 1011 2188 premi
1042 2102 1232 2178 videbotur,
1266 2108 1308 2167 eo

195 2241 224 2290 15
243 2235 423 2280 occurrere
451 2225 486 2280 et
515 2213 683 2280 auxilium
711 2213 812 2292 lerre;
839 2214 897 2278 sed
927 2212 993 2277 hoc
1021 2216 1183 2294 superori,
1212 2210 1307 2294 quod

243 2323 470 2390 dioturnitote
490 2329 629 2409 pugnae
648 2323 766 2388 hostes
786 2321 909 2387 defessi
930 2319 1062 2404 proelio
1083 2317 1308 2394 excedebant,

243 2433 300 2499 alii
332 2433 479 2518 integris
512 2433 642 2499 viribus
676 2432 925 2509 succedebant;
960 2437 1107 2516 quorum
1141 2436 1255 2496 rerum
1289 2435 1309 2494 o

244 2550 374 2609 nostris
396 2553 541 2628 propter
561 2543 776 2628 paucitotem
799 2541 872 2608 fieri
894 2540 978 2606 nihil
1002 2551 1152 2626 poterat,
1176 2546 1217 2606 ac
1239 2545 1310 2604 non

244 2655 351 2719 modo
372 2653 508 2720 defesso
527 2676 572 2720 ex
591 2659 710 2739 pogno
729 2651 932 2730 excedendi,
953 2651 1013 2715 sed
1034 2657 1077 2714 ne
1097 2648 1214 2714 saucio
1236 2647 1310 2732 qui·

194 2793 227 2832 ιο
244 2765 324 2829 dem
346 2763 419 2830 eius
441 2764 508 2830 loci
529 2763 588 2828 ubi
610 2761 829 2838 constiterat,
852 2758 1067 2843 relinquendi
1089 2764 1128 2823 oc
1151 2763 1204 2822 sui
1226 2757 1309 2822 reci-

244 2872 360 2958 piendi
376 2872 521 2939 lacultes
537 2872 694 2937 dabotur.

564 3046 593 3099 A
605 3043 688 3098 hard
695 3042 782 3097 battle
793 3042 829 3114 of
835 3043 885 3096 six
895 3040 992 3096 hours.

205 3178 226 3247 5
313 3153 404 3222 Cum
418 3155 487 3222 iam
503 3155 651 3240 amplius
668 3155 762 3220 horis
779 3174 841 3218 sex
857 3152 1079 3218 continenter
1095 3155 1311 3234 pugnoretur

246 3271 286 3331 oc
308 3271 380 3330 non
403 3265 516 3330 solum
539 3270 629 3330 vires
652 3263 711 3329 sed
734 3262 838 3329 etiam
861 3263 929 3328 tela
952 3265 1090 3326 nostros
1113 3257 1310 3333 deficerent,

244 3385 350 3460 atque
365 3374 487 3441 hostes
502 3374 614 3440 ocrius
629 3380 801 3439 instorent
820 3368 1164 3457 languidioribusque
1182 3372 1311 3432 nostris

194 3517 225 3567 25
245 3487 374 3552 vellum
396 3484 551 3550 scindere
572 3494 607 3549 et
630 3483 739 3549 fossos
761 3481 935 3566 complere
957 3475 1164 3561 coepissent,
1189 3482 1311 3560 resque

246 3605 335 3662 esset
362 3595 431 3660 iam
455 3594 499 3659 ad
524 3599 724 3658 extremum
745 3591 918 3675 perducta
945 3593 1074 3663 cesum,
1103 3584 1140 3651 P.
1168 3574 1311 3651 Sextius

246 3703 406 3781 Baculus,
436 3709 538 3787 prImi
568 3703 628 3787 pili
656 3698 826 3776 centurio,
858 3719 962 3782 quem
995 3693 1147 3761 Nervico
1178 3692 1311 3778 proelio

244 3811 482 3896 comploribus
499 3811 697 3877 confectum
714 3806 913 3874 vulneribus
932 3805 1094 3884 diximus
1114 3814 1149 3870 et
1168 3802 1253 3868 item
1271 3800 1309 3867 C.

245 3920 456 3996 Volusenus,
482 3919 642 3985 triluinus
666 3918 827 3994 militum,
852 3915 904 3980 vir
928 3924 961 3980 et
987 3913 1109 3979 consili
1132 3917 1252 3996 mogni
1277 3919 1311 3974 et
