3048 4444
536 312 653 368 usssa
679 315 744 368 vu.
771 315 854 368 cnr.
880 326 975 380 7—10.
1234 331 1290 397 17³

223 503 291 570 tur,
313 490 516 576 praesertim
538 513 617 557 cum
639 492 755 559 videat
776 514 881 559 omne
902 493 946 559 ad
968 499 1004 560 se
1026 493 1155 559 bellum
1178 499 1288 560 trous·

221 603 341 667 lotum.
392 601 556 686 Quorum
575 601 631 666 ille
651 602 811 686 precibus
829 607 1011 687 permotus
1030 613 1144 668 castra
1165 623 1210 667 ex
1232 601 1287 668 Bi-

222 709 396 795 turigibus
422 722 542 776 movet
567 711 602 775 in
627 711 806 778 Arvernos
831 733 959 778 versus.

221 881 328 935 Caesar
339 898 408 952 goes
426 886 454 935 to
471 881 532 936 seek
544 883 785 954 reinsorcements.
833 885 1053 955 Vercr'egeturtit
1067 899 1161 939 moves
1171 885 1291 956 against

682 970 731 1024 the
746 972 823 1026 Boii.

289 1079 337 1143 At
358 1078 484 1145 Caesar
502 1079 647 1145 biduum
668 1081 703 1146 in
723 1082 775 1145 his
795 1081 880 1146 locis
899 1086 1067 1159 moritus,
1087 1081 1182 1165 quod
1202 1082 1287 1147 haec
1304 1100 1326 1167 9

220 1187 263 1253 de
287 1186 578 1274 Vercingetorige
603 1194 667 1255 osu
693 1195 839 1256 ventosa
862 1189 1029 1274 opinione
1054 1197 1285 1274 praeceperat,
1306 1219 1319 1269 ς

218 1317 279 1380 per
295 1317 433 1362 causam
450 1299 682 1382 supplementi
699 1299 944 1384 equitotosque
961 1299 1112 1385 cogendi
1128 1301 1171 1366 ab
1189 1319 1287 1366 exer-

218 1405 289 1492 cito
305 1405 465 1485 discedit;
483 1407 631 1473 Brotum
648 1408 907 1475 adulescentem
924 1410 976 1474 his
992 1409 1101 1494 copiis
1118 1408 1271 1494 praeficit
1278 1430 1286 1488 ;

218 1515 311 1581 hunc
328 1526 448 1581 monet
466 1528 505 1583 ut
522 1516 557 1581 in
575 1524 697 1583 omnes
715 1524 830 1602 partes
848 1518 982 1602 equites
1000 1540 1105 1603 quarn
1122 1518 1286 1585 letissime

218 1634 466 1710 pervagentur;
489 1625 652 1691 daturum
675 1632 711 1692 se
733 1648 876 1711 operam
899 1634 943 1693 ne
964 1627 1105 1714 longius
1127 1628 1286 1694 trIduoe
1338 1617 1345 1628 ’

217 1741 336 1799 castris
353 1735 451 1800 absit.
501 1735 569 1800 His
588 1736 787 1802 constituitis
805 1737 908 1803 rebus
925 1742 995 1802 suIs
1013 1737 1284 1821 inopinantibus,
1305 1763 1336 1800 ιο

217 1864 321 1927 quam
352 1843 514 1910 moximis
544 1855 660 1929 potest
691 1845 882 1925 itineribus,
912 1846 1086 1913 Viennam
1118 1844 1284 1930 pervenit.

220 1952 271 2018 Ibi
292 1966 413 2019 nactus
433 1965 607 2020 recentem
627 1955 832 2039 equitatum,
853 1976 958 2039 quern
977 1955 1095 2021 multis
1114 1964 1195 2021 ante
1215 1953 1285 2020 die-

217 2063 282 2129 bus
301 2069 344 2130 eo
365 2069 599 2148 praemiserat,
622 2047 735 2149 neque
755 2064 881 2131 diurno
903 2086 1015 2148 neque
1036 2069 1211 2131 nocturno
1232 2062 1285 2129 iti-

217 2194 298 2239 nere
311 2173 519 2252 intermisso,
533 2195 594 2258 per
609 2173 696 2239 fines
712 2174 942 2240 Haeduorum
957 2173 992 2238 in
1009 2173 1188 2259 Lingones
1202 2195 1284 2240 con·

217 2282 338 2359 tendit,
359 2283 417 2348 ubi
437 2283 525 2349 duae
546 2283 703 2367 legiones
723 2283 937 2361 hiemobant3
958 2292 1006 2360 ut,
1028 2289 1056 2348 si
1076 2282 1159 2366 quid
1180 2282 1284 2348 etiarn
1304 2307 1332 2357 ις

217 2392 261 2458 de
273 2398 334 2458 sue
347 2392 456 2458 salote
468 2392 511 2458 ab
526 2392 684 2458 Haeduis
697 2391 841 2457 iniretur
855 2391 986 2469 consili,
1001 2391 1175 2457 celeritete
1188 2413 1284 2476 prae-

218 2511 379 2586 curreret,
440 2501 495 2567 Eo
523 2523 602 2566 cum
630 2499 854 2586 pervenisset,
881 2500 924 2567 ad
951 2501 1100 2586 reliques
1127 2502 1282 2587 legiones

217 2611 334 2690 mittit,
353 2610 517 2696 priusque
536 2617 659 2677 omnes
678 2611 713 2676 in
733 2615 844 2677 smum
862 2611 979 2676 locum
999 2609 1097 2696 cogit
1116 2632 1221 2695 quam
1241 2611 1285 2677 de

217 2721 291 2787 eius
314 2723 465 2789 adventu
490 2722 656 2787 Arvernis
681 2720 833 2787 nentiori
859 2731 985 2805 posset.
1036 2720 1115 2787 Hoc
1140 2727 1177 2787 re
1201 2727 1285 2806 cog-

218 2830 290 2896 nite
314 2830 585 2916 Vercingetorix
610 2836 728 2895 rorsus
753 2830 787 2894 in
815 2829 991 2915 Bituriges
1016 2830 1208 2896 exercitum
1233 2851 1284 2895 re·
1303 2859 1336 2896 πο

217 2940 323 3016 ducit,
341 2951 445 3024 atque
463 2938 544 3005 inde
563 2940 739 3023 proiectus
760 2938 1013 3025 Gorgobinam,
1035 2938 1203 3004 Boiorum
1223 2961 1285 3023 op-

217 3049 348 3133 pidum,
366 3055 454 3132 quos
471 3047 518 3114 ibi
538 3047 723 3115 Helvetico
741 3049 874 3132 proelio
891 3049 1004 3114 victos
1022 3048 1148 3115 Caesar
1164 3049 1283 3115 conlo·

217 3163 353 3223 coverat
376 3157 602 3243 Haeduisque
622 3157 836 3234 attribuerat,
856 3163 1063 3243 oppognere
1083 3157 1242 3224 instituit.

499 3329 605 3384 Caesar
622 3329 731 3383 decides
748 3335 776 3384 to
793 3329 898 3384 relieve
915 3329 1000 3384 them.

288 3457 456 3542 Magnam
472 3456 555 3522 haec
570 3462 623 3522 res
637 3455 775 3522 Caesari
789 3455 1029 3523 difficultatem
1044 3457 1086 3522 ad
1102 3457 1285 3524 consilium
1305 3476 1345 3527 ιο

219 3566 424 3650 capiendum
450 3566 639 3632 adferebat:
664 3572 692 3631 si
716 3564 883 3650 reliquam
908 3577 1041 3651 partem
1067 3566 1190 3633 hiemis
1214 3572 1286 3632 ono
1305 3597 1335 3646 25

219 3674 297 3741 loco
322 3675 477 3760 legiones
502 3673 707 3752 contineret,
731 3681 775 3740 ne
799 3675 1030 3759 stipendieriis
1056 3676 1286 3744 Haeduorum

218 3790 430 3870 cxpognotis
447 3791 572 3851 concta
589 3783 698 3851 Gallia
715 3784 887 3862 deficeret,
905 3785 1000 3870 quod
1019 3786 1152 3851 millum
1168 3793 1287 3852 amicis

220 3893 255 3957 in
269 3900 311 3959 eo
325 3893 535 3979 praesidium
549 3893 702 3978 positum
717 3893 863 3971 videret;
889 3899 916 3958 si
930 3893 1100 3959 meterius
1116 3915 1159 3959 ex
1175 3894 1286 3959 hiber-
