3048 4444
262 365 318 428 ¹4²
644 348 757 403 antu
784 347 943 405 cntt1c1

259 537 351 594 tunt.
377 528 467 594 Cum
479 536 499 594 zi
511 528 680 615 proximis
692 530 878 614 impetraire
891 537 962 596 non
975 539 1128 616 possent,
1143 529 1325 600 ulterioros

261 648 446 721 temptant.
491 639 646 704 Inventis
663 645 734 704 non
751 639 853 704 millis
870 639 1071 705 civitotibus
1088 639 1160 705 iore
1178 627 1323 706 iorando

261 746 350 811 inter
373 753 410 812 so
434 747 643 813 confirmant
670 747 918 832 obsidibusque
943 748 987 813 de
1012 746 1159 833 peconio
1183 759 1306 813 cavent
1315 729 1337 827 ;1

261 855 502 941 Ambiorigem
519 856 582 923 sibi
598 857 768 923 societote
784 867 819 922 et
836 856 973 923 foedere
989 856 1196 942 adiungunt.
1238 855 1323 941 Qui-

226 996 239 1046 ς
261 965 326 1030 bus
345 965 446 1031 robus
466 965 617 1052 cognitis
637 965 772 1044 Caesar,
793 987 872 1032 cum
892 964 1045 1050 undique
1065 964 1193 1031 bellum
1213 970 1323 1049 pariui

260 1073 403 1153 videret,
427 1074 584 1154 Nervios,
605 1075 817 1153 Atuotucos,
840 1074 1034 1160 Menapios,
1056 1073 1229 1139 adionctis
1251 1071 1324 1138 Cis-

261 1183 421 1249 rhononis
438 1184 601 1250 omnibus
620 1184 810 1263 Germanis
830 1205 903 1250 esse
921 1183 955 1248 in
973 1189 1086 1262 armis,
1106 1182 1262 1248 Senonos
1280 1183 1321 1247 ad

261 1291 469 1377 imperatum
488 1299 559 1358 non
579 1299 694 1358 venire
712 1304 747 1359 et
767 1314 847 1359 cum
867 1291 1080 1359 Carnutibus
1098 1290 1324 1375 finitimisque

256 1401 452 1467 civitatibus
470 1400 897 1478 consiliacommonicare,
915 1407 935 1465 o
951 1399 1109 1464 Treveris
1129 1399 1322 1465 Germonos

208 1544 239 1580 ιο
257 1511 384 1577 crebris
407 1510 644 1596 legationibus
667 1510 853 1588 sollicitori
879 1507 1050 1575 motorius
1074 1507 1136 1574 sibi
1162 1509 1206 1574 do
1228 1507 1320 1573 bello

257 1620 485 1705 cogitandum
506 1619 650 1704 putovit.

309 1759 416 1812 Caesar
427 1757 488 1828 lays
498 1762 588 1812 waste
599 1755 647 1810 the
658 1757 794 1888 Νιῖυιὶῖςη
807 1762 926 1828 counuy
937 1756 1001 1810 and
1010 1754 1141 1810 marcnes
1151 1757 1271 1828 agaim!

694 1841 708 1889 t
727 1853 742 1888 e
778 1851 884 1888 enonas.

216 1968 238 2034 3
326 1943 448 2028 Itaque
466 1944 624 2010 nondum
643 1943 757 2009 hieme
775 1943 934 2010 confecto
952 1942 1122 2028 proximis
1140 1960 1203 2006 1111
1223 1946 1321 2007 cooe-

255 2058 299 2117 tis
315 2053 511 2138 legionibus
526 2053 570 2118 de
587 2053 777 2135 improviso
795 2052 829 2117 in
847 2051 933 2118 imos
952 2051 1162 2118 Nerviorum
1180 2060 1322 2116 conten·

256 2163 316 2239 (lit,
335 2174 369 2229 et
389 2162 589 2248 priusquam
609 2163 656 2227 illi
674 2173 733 2229 aut
753 2169 938 2229 convenire
958 2173 1017 2228 aut
1036 2162 1223 2248 profugere
1243 2181 1321 2246 pos·

207 2309 236 2358 15
256 2283 343 2350 sent,
373 2278 503 2357 magno
533 2271 667 2358 pecoris
696 2283 801 2358 atque
829 2272 1011 2338 hominum
1041 2278 1188 2338 numero
1218 2277 1321 2356 capto

255 2394 358 2468 atque
374 2388 415 2449 eo
429 2384 558 2468 praedo
573 2383 741 2450 militibus
757 2389 921 2450 concesso
938 2388 1149 2467 vostotisque
1167 2387 1269 2467 agris,
1286 2381 1321 2446 in

254 2493 468 2560 deditionem
487 2501 604 2561 venire
623 2506 727 2580 atque
746 2493 885 2560 obsidos
904 2493 967 2558 sibi
988 2492 1069 2558 dare
1089 2490 1216 2576 coegit.
1267 2489 1320 2556 Eo

255 2603 410 2669 celeriter
434 2603 595 2670 confecto
621 2603 766 2688 negotio
793 2609 910 2668 torsus
935 2602 970 2666 in
996 2601 1139 2666 hiberna
1165 2599 1320 2685 legionos

254 2711 403 2777 reduxit.
442 2712 601 2779 Concilio
616 2713 746 2779 Galliae
759 2719 871 2798 primo
885 2717 974 2791 vore,
989 2719 1029 2776 ut
1043 2710 1254 2787 instituerat,
1270 2709 1319 2773 in-

205 2857 237 2894 20
253 2820 359 2898 (licto,
376 2842 455 2886 cum
473 2821 594 2905 reliqui
611 2831 747 2904 praeter
763 2819 929 2896 Senones
948 2820 1118 2886 Carnutes
1135 2819 1321 2885 Treveros-

254 2950 322 3013 que
337 2929 522 3007 venissent,
539 2929 676 2994 initium
692 2929 771 2994 belli
785 2933 824 2993 oc
840 2927 1044 2994 dolectionis
1061 2929 1128 2994 hoc
1144 2949 1217 2993 esse
1233 2926 1320 2992 arbi-

253 3044 374 3114 trzitus,
391 3049 429 3103 ut
446 3036 563 3103 omnia
578 3043 790 3122 postponere
807 3036 992 3116 odoretur,
1011 3036 1196 3103 concilium
1214 3036 1319 3101 Lute-

253 3147 336 3212 tiam
361 3146 571 3211 Parisiorum
593 3145 763 3212 transfert.
814 3143 980 3212 Confrnos
1000 3157 1096 3212 erant
1119 3147 1153 3210 hi
1175 3143 1319 3212 Senoni-

254 3256 319 3320 bus
342 3254 588 3339 civitatemque
611 3264 749 3339 patrum
773 3255 942 3321 memorio
966 3254 1234 3331 conionxerant3
1260 3251 1319 3318 sed

204 3397 234 3447 25
254 3365 297 3430 ab
324 3365 390 3430 hoc
418 3363 562 3430 consilio
588 3363 713 3430 oluisse
739 3365 1036 3430 existimabantur.
1088 3364 1165 3429 Hac
1193 3369 1230 3430 ro
1256 3367 1319 3447 pro

254 3480 425 3560 suggesto
442 3473 671 3559 pronontiotai
686 3474 809 3539 eodem
826 3473 881 3538 die
898 3495 977 3538 cum
995 3472 1190 3558 legionibus
1206 3471 1240 3536 in
1259 3470 1318 3537 Se-

252 3591 362 3650 nonos
377 3583 610 3669 proficiscitur
625 3590 830 3670 mognisque
846 3582 1027 3648 itineribus
1044 3588 1086 3647 eo
1103 3581 1270 3665 pervenit.

459 3721 634 3776 Submissebn
647 3722 683 3793 os
696 3721 744 3775 the
757 3721 877 3774 Senones
888 3720 953 3774 and
963 3721 1109 3774 Carnutes.

323 3831 478 3916 Cognito
497 3831 571 3896 oius
589 3831 740 3896 adventii
761 3829 868 3904 Acco,
889 3835 948 3913 qui
967 3836 1125 3914 princeps
1144 3829 1218 3894 olus
1237 3834 1319 3893 con·

254 3942 305 4005 siii
334 3941 455 4016 fuerat,
485 3937 580 4004 iubet
611 3939 645 4002 in
676 3937 804 4020 oppida
833 3937 1091 4004 multitodinem
1122 3941 1319 4003 convenire.

214 3886 236 3952 4
