3000 4456
261 366 299 429 32
640 354 752 407 usum
776 355 934 409 onrsrcr

260 527 469 610 praesidium
490 549 595 615 quam
615 532 872 612 amicissimum,
895 541 922 600 si
943 535 1027 620 quid
1049 557 1138 622 opus
1159 537 1255 604 iactu
1276 561 1329 606 es·

262 647 325 716 set,
345 636 499 704 haberet.
543 639 652 724 Quod
669 662 750 706 cum
770 641 876 720 fieret,
895 649 967 708 nun
986 643 1166 712 inridicule
1185 649 1328 731 quidam

259 766 304 809 ex
320 746 489 813 militibus
506 766 531 812 x
549 747 697 834 legiunis
715 749 804 815 deit
824 751 1024 836 plusquam
1042 753 1218 838 pollicitus
1236 769 1327 825 esset

262 853 446 921 Caesarem
469 855 595 936 iacere;
617 857 813 942 pollicitum
836 866 872 926 se
894 859 930 925 in
952 861 1110 928 cohortis
1134 865 1328 949 praeturiae
1363 905 1367 912 ·

226 965 338 1034 sloco
357 984 382 1030 x
402 963 577 1051 legionem
596 965 808 1050 habiturum,
829 969 874 1036 ad
894 990 1023 1056 equum
1043 975 1239 1042 rescnliere.

321 1169 429 1224 Caesar
440 1187 501 1224 uses
512 1171 699 1242 conct'liatory
710 1173 864 1244 langreage,
879 1175 929 1229 but
939 1181 1052 1248 repeats
1062 1176 1111 1231 his
1122 1178 1277 1248 demand,

198 1319 242 1386 43
331 1300 497 1368 Planities
526 1314 600 1369 erat
630 1310 759 1390 magna
788 1317 822 1373 et
850 1306 886 1373 in
916 1315 957 1375 ea
984 1311 1139 1376 tumulus
1170 1317 1327 1376 terrenus

259 1409 343 1477 satis
363 1411 514 1496 grandis.
566 1413 636 1480 Hic
657 1416 755 1481 locus
776 1437 927 1501 aequum
948 1418 1019 1485 iere
1040 1419 1193 1504 spatium
1214 1426 1234 1485 a
1255 1441 1327 1486 cas-

259 1525 320 1584 tris
339 1520 510 1586 Ariovisti
528 1532 563 1588 et
584 1521 740 1590 Caesaris
759 1525 889 1592 aberat.
940 1526 1005 1605 Εό,
1026 1538 1065 1593 ut
1086 1538 1159 1593 erat
1181 1528 1325 1608 dictum,

260 1629 303 1694 ad
332 1629 560 1714 conloquium
589 1638 771 1699 venerunt.
827 1634 1022 1720 Legiunem
1054 1634 1188 1715 Caesar,
1221 1657 1325 1721 quam

209 1756 241 1794 10
260 1745 357 1823 equis
378 1739 577 1819 devexerat,
598 1741 756 1826 passibus
777 1763 820 1810 cc
834 1744 883 1824 „ab
904 1751 946 1810 eu
968 1745 1106 1810 tumulu
1127 1745 1323 1812 cunstituit.

262 1847 354 1912 Item
386 1847 521 1932 equites
554 1849 723 1918 Ariovisti
755 1859 829 1938 pari
861 1853 1045 1920 intervalla
1078 1854 1323 1920 cunstiterunt.

258 1955 457 2023 Ariovistus
483 1980 528 2024 ex
554 1967 650 2044 equis
676 1971 715 2026 ut
742 1963 1039 2047 conloquerentur
1064 1972 1099 2028 et
1127 1973 1264 2046 praeter
1290 1969 1326 2028 se

255 2065 365 2131 denus
383 2067 426 2132 ad
445 2069 674 2154 conloquium
693 2070 916 2150 adducerent,
937 2071 1140 2156 postulavit.
1191 2070 1261 2136 Ubi
1281 2077 1324 2136 eu

257 2186 402 2241 ventum
425 2189 486 2257 est,
511 2176 637 2245 Caesar
658 2178 759 2245 initia
782 2178 951 2246 uratianis
974 2200 1036 2244 sua
1057 2184 1267 2263 senatusque
1289 2177 1324 2242 in

209 2315 237 2365 ις
257 2306 336 2350 eum
370 2286 538 2352 beneficia
571 2287 870 2363 commemoravit,
905 2286 1000 2370 quod
1036 2292 1098 2351 rex
1132 2287 1323 2370 appellatus

256 2406 346 2461 esset
366 2402 386 2461 a
405 2402 539 2476 senatu,
560 2398 654 2482 quod
674 2403 815 2475 amicus,
837 2397 933 2481 quod
952 2403 1096 2464 munera
1115 2397 1325 2483 amplissima

257 2504 375 2583 missa;
399 2527 504 2591 quam
529 2528 602 2572 rem
625 2516 659 2572 et
683 2512 801 2591 paucis
825 2505 1015 2592 contigisse
1040 2517 1074 2572 et
1100 2513 1164 2591 pru
1189 2513 1325 2591 magnis

255 2614 437 2682 hominum
458 2615 581 2682 officiis
600 2622 785 2682 consuesse
806 2615 912 2682 tribui
931 2616 1096 2693 docebat3
1115 2614 1223 2692 illum,
1244 2635 1324 2680 cum

255 2747 367 2810 neque
390 2725 526 2792 aditum
549 2745 660 2810 neque
683 2745 822 2790 causam
845 2724 1047 2810 postulandi
1070 2723 1198 2787 iustam
1222 2722 1323 2786 lrabe-

206 2855 239 2894 20
255 2844 318 2912 ret,
338 2834 508 2901 beneficia
526 2841 567 2901 ac
585 2834 794 2901 liberalitate
813 2840 876 2900 sua
894 2839 934 2898 ac
953 2837 1095 2897 senatus
1114 2851 1154 2895 ea
1173 2829 1322 2914 praemia

256 2949 495 3009 censecutum.

324 3052 485 3117 Docebat
506 3051 621 3130 etiam,
642 3072 746 3136 quam
766 3055 901 3116 veteres
920 3067 1094 3131 quamque
1112 3045 1225 3112 iustae
1244 3066 1323 3112 cau-

255 3181 310 3225 sae
342 3159 607 3225 necessitudinis
638 3159 721 3244 ipsis
754 3179 834 3223 cum
867 3156 1024 3222 Haeduis
1056 3154 1322 3233 intercederent,
1365 3196 1371 3207 ·

255 3289 342 3352 quae
362 3273 504 3334 senatus
523 3268 682 3333 cunsulta
702 3267 864 3352 quotiens
884 3286 1057 3351 quamque
1076 3264 1269 3330 honorifica
1288 3264 1323 3329 in

206 3402 235 3452 25
255 3383 315 3442 eas
334 3376 425 3442 iacta
446 3387 571 3454 essent,
592 3388 632 3443 ut
653 3383 751 3443 omni
770 3387 929 3462 tempore
949 3380 1060 3440 tutius
1081 3372 1212 3440 Galliae
1233 3379 1324 3458 prin-

254 3485 410 3569 cipatum
428 3486 568 3552 Haedui
585 3486 791 3565 tenuissent,
810 3486 904 3570 prius
920 3484 1028 3550 etiam
1045 3503 1150 3567 quam
1167 3491 1324 3547 nostram

255 3593 444 3660 amicitiam
460 3596 683 3679 adpetissent.
735 3595 861 3679 Populi
878 3593 1031 3659 Romani
1046 3591 1136 3657 hanc
1153 3613 1226 3656 esse
1242 3596 1324 3656 cun·

255 3703 476 3769 suetudinem
494 3714 533 3770 ut
552 3704 666 3770 socius
683 3713 788 3789 atque
805 3708 936 3769 amicus
954 3709 1026 3769 nun
1044 3702 1154 3767 modo
1171 3705 1224 3766 sui
1241 3698 1325 3764 nihil

256 3813 453 3898 deperdere,
475 3814 534 3878 sed
555 3813 679 3897 gratia,
701 3812 882 3897 dignitate,
905 3811 1039 3876 honere
1060 3808 1235 3875 auctiures
1254 3808 1323 3872 vel-

206 3947 238 3996 30
258 3923 305 3988 let
324 3943 413 4002 esse;
431 3922 527 4007 quod
544 3928 628 3987 veru
646 3921 690 3987 ad
708 3919 897 3986 amicitiam
917 3919 1038 4004 populi
1059 3917 1212 3984 Rumani
1231 3927 1325 3982 attu—
