3044 4442
561 355 679 408 LIBER
704 354 738 408 V.
764 353 848 408 CAP.
873 353 951 419 4-6.
1233 371 1291 436 107

224 534 424 621 singillatim
452 533 672 620 Cingetorigi
699 532 906 610 conciliavit,
933 532 1028 617 quod
1057 553 1137 598 cum
1163 531 1288 598 merite

222 645 296 710 eius
315 645 357 710 ab
377 650 414 709 se
434 643 507 710 fieri
526 643 761 728 intellegebat,
781 653 857 708 turn
876 648 996 728 maigni
1017 641 1181 708 interesse
1201 641 1290 708 arbi-

223 754 378 819 trebetur
398 753 472 819 eius
494 745 739 820 auctoritatem
760 752 850 818 inter
870 758 952 818 suos
973 772 1079 836 quam
1100 750 1289 836 plurimum

221 863 343 941 valere,
360 862 459 929 cuius
474 873 546 929 tarn
561 861 740 948 egregiam
758 862 792 927 in
809 868 846 928 se
861 863 1079 928 voluntatem
1095 859 1290 945 perspexis-

220 983 282 1039 set.
339 972 380 1038 Id
412 971 542 1039 iactum
575 971 729 1057 graviter
759 971 838 1037 tulit
872 971 1134 1038 Indfitiomarus
1173 972 1322 1056 [suams

222 1081 371 1166 gretiam
390 1082 479 1147 inter
499 1087 581 1148 sues
602 1080 745 1165 minui],
766 1091 800 1148 et
821 1086 881 1165 qui
901 1080 969 1147 iam
989 1091 1070 1148 ante
1091 1081 1232 1149 inimice
1254 1080 1288 1148 in

221 1198 286 1258 nos
304 1192 422 1258 anime
442 1191 560 1258 fuisset
581 1193 692 1257 multo
712 1190 853 1277 gravius
873 1190 940 1258 hoc
961 1191 1082 1258 dolore
1103 1191 1241 1259 exersit.

437 1352 566 1407 Caesar's
568 1353 669 1425 forces
680 1352 812 1407 assemble
823 1358 856 1407 at
867 1354 976 1408 Portus
986 1355 1072 1410 Itius.

290 1463 357 1529 His
375 1464 478 1530 rebus
495 1463 694 1531 constitfitis
713 1463 839 1531 Caesar
857 1464 900 1530 ad
919 1475 1061 1549 portum
1081 1465 1188 1532 Itium
1207 1485 1287 1532 cum
1306 1486 1327 1556 5

221 1572 417 1658 legionibus
438 1573 604 1657 pervenit.
651 1573 704 1638 Ibi
726 1573 910 1659 cognoscit
933 1594 982 1640 Lx
1003 1581 1119 1654 naves,
1141 1597 1230 1660 quae
1252 1574 1288 1640 in

221 1682 347 1748 Meldis
365 1682 474 1750 factae
493 1693 601 1761 erant,
620 1691 829 1768 tempestate
846 1685 991 1752 reiectas
1010 1706 1150 1752 cursum
1171 1691 1287 1750 tenere
1308 1710 1338 1748 ιο

220 1797 290 1857 nen
310 1790 464 1876 potuisse
483 1804 587 1877 atque
607 1793 732 1860 eedem
752 1795 844 1861 unde
863 1805 960 1861 erant
981 1794 1155 1880 proiectae
1175 1815 1287 1860 rever·

219 1901 315 1980 tisse;
338 1902 486 1986 reliquas
510 1909 646 1988 paretes
669 1904 712 1970 ad
736 1904 974 1991 navigandum
997 1914 1101 1989 atque
1125 1903 1287 1969 omnibus

220 2012 322 2078 rebus
338 2018 525 2080 instructas
545 2012 686 2080 invenit.
731 2014 868 2081 Eddem
886 2014 1062 2099 equitetus
1079 2020 1188 2080 tetius
1208 2012 1287 2080 Gai-

220 2122 282 2188 liae
298 2122 472 2200 convenit,
489 2130 637 2190 numere
654 2123 748 2191 milia
764 2144 839 2202 1111,
857 2123 1098 2209 principesque
1114 2145 1160 2189 ex
1175 2121 1287 2189 onmi-

220 2235 285 2301 bus
311 2236 523 2315 civitatibus
551 2259 595 2303 ex
623 2236 750 2321 quibus
778 2240 981 2320 perpaucos,
1009 2240 1159 2317 quorum
1188 2231 1222 2297 in
1250 2237 1287 2298 se
1308 2260 1336 2309 1⁵

220 2344 325 2411 fidem
346 2352 581 2431 perspexerat,
604 2346 798 2430 relinquere
820 2345 855 2410 in
879 2343 999 2420 Gallie,
1022 2342 1173 2426 reliques
1196 2340 1287 2407 obsi-

221 2455 305 2520 dum
332 2455 410 2521 loco
436 2462 556 2522 secum
583 2456 709 2521 ducere
737 2455 947 2529 decreverat,
974 2451 1080 2538 quod,
1107 2471 1188 2517 cum
1214 2449 1287 2534 ipse

219 2565 364 2642 abesset,
381 2572 518 2631 metum
535 2565 664 2652 Galliae
681 2565 875 2630 verebatur.

339 2735 430 2791 There
441 2739 467 2791 t's
478 2737 587 2792 trouble
599 2739 692 2809 agath
704 2735 778 2791 wt'th
791 2735 962 2790 Dumnortlr
973 2733 1021 2788 the
1031 2733 1176 2788 Hoeduan.

290 2845 373 2912 Erat
393 2853 462 2913 ime
482 2867 562 2913 cum
582 2853 705 2914 ceteris
727 2847 928 2912 Dumnorix
950 2843 1130 2922 Haeduus,
1151 2843 1196 2909 de
1215 2847 1287 2927 que
1305 2848 1327 2914 6

221 2965 301 3021 ante
322 2961 342 3022 ai
362 2957 463 3021 nebis
483 2956 616 3023 dictum
636 2967 699 3023 est.
749 2956 858 3022 Hunc
878 2961 997 3021 secum
1017 2954 1143 3019 habere
1165 2951 1200 3020 in
1222 2957 1289 3037 pri·
1306 2981 1340 3018 πο

222 3070 287 3130 mis
307 3065 545 3144 constituerat,
566 3066 762 3150 quodcum
783 3065 950 3150 cupidum
970 3069 1086 3129 rerum
1107 3068 1288 3134 novarum.

221 3173 387 3258 cupidum
417 3173 550 3258 imperi,
579 3181 699 3259 maigni
728 3174 844 3251 animi,
874 3180 1023 3258 magnae
1052 3172 1141 3238 inter
1172 3170 1289 3237 Gallos

219 3283 436 3350 auctoritatis
455 3290 680 3369 cdgnoverat.
725 3283 924 3350 Accedebat
946 3282 1014 3348 haic
1034 3281 1129 3366 quod
1150 3279 1185 3346 in
1205 3300 1288 3345 con-

220 3391 299 3458 cilio
331 3392 562 3459 Haedudrum
596 3393 796 3461 Dumnorix
827 3392 962 3458 dixerat
995 3391 1058 3457 sibi
1089 3397 1112 3458 a'a
1142 3389 1287 3457 Caesare

220 3507 369 3588 regnum
387 3502 535 3570 civitatis
553 3502 692 3581 deferri3
710 3502 805 3587 quod
824 3502 956 3568 dictum
978 3501 1119 3568 Haedui
1136 3499 1288 3586 graviter
1307 3523 1337 3574 25

220 3609 374 3679 ferebant
394 3633 507 3697 neque
526 3611 706 3678 recusandi
725 3621 784 3677 aut
803 3611 1012 3696 deprecandi
1031 3617 1135 3678 cause
1152 3610 1289 3696 legetos

220 3720 263 3786 ad
280 3721 462 3788 Caesarem
478 3721 616 3788 mittere
632 3720 816 3787 audebant.
859 3721 899 3786 Id
916 3720 1045 3788 iactum
1062 3743 1107 3788 ex
1123 3727 1194 3787 suis
1208 3719 1289 3786 hos-

222 3831 350 3914 pitibus
373 3831 499 3898 Caesar
521 3836 745 3915 cegnoverat.

292 3941 352 4007 Ille
371 3939 534 4006 omnibus
552 3945 666 4024 prime
684 3939 844 4024 precibus
862 3950 978 4023 petere
996 3938 1177 4006 contendit
1196 3948 1234 4006 ut
1254 3938 1289 4004 in
