3048 4444
515 358 632 412 LIBER
658 359 722 412 vll,
749 359 832 413 cnP.
862 357 970 424 14-16.
1221 372 1280 440 177

212 539 280 606 loci
299 543 424 604 natura
442 538 485 605 ab
506 544 603 604 omni
623 538 692 604 sint
711 539 865 622 pericule
886 543 972 616 tuta,
992 544 1036 604 ne
1057 543 1127 603 suis
1147 536 1214 602 sint
1235 535 1278 602 ad

210 646 470 713 detrectandam
491 646 648 712 militiam
669 647 896 731 receptecula,
918 667 985 712 neu
1008 645 1177 712 Remenis
1197 651 1276 730 pro

211 756 325 841 posita
347 756 390 821 ad
416 755 553 840 cepiam
577 762 795 822 commeetsss
819 755 1052 840 praedamque
1077 756 1277 821 tollendam.

213 865 310 934 Haec
329 871 357 930 si
372 865 492 950 gravia
509 878 568 930 aut
585 865 709 930 acerba
725 863 918 942 videantur,
937 865 1048 930 multe
1066 864 1121 929 illa
1139 863 1279 948 gravius

211 975 384 1041 aestimeri
410 973 546 1051 debere,
573 974 710 1050 liberes,
737 973 905 1058 coniuges
931 973 965 1039 in
992 972 1194 1038 servitutem
1220 974 1310 1040 arb-s

212 1084 328 1160 strahi,
351 1082 445 1167 ipsos
468 1081 628 1160 interfici;
652 1103 739 1167 quae
763 1082 805 1147 sit
828 1103 968 1149 necesse
990 1082 1146 1148 accidere
1168 1081 1276 1148 victis.

487 1253 562 1325 They
579 1253 648 1324 obey,
661 1253 711 1307 but
727 1258 814 1324 spart
830 1255 1003 1308 Avors'cssm.
1036 1263 1039 1270 ⁴

209 1479 356 1563 amplius
376 1499 427 1544 xx
448 1480 550 1545 urbes
571 1478 770 1563 Biturigum
790 1478 1031 1545 incenduntur.
1083 1479 1164 1545 Hec
1184 1479 1275 1545 idem

211 1588 248 1653 fit
263 1589 296 1653 in
311 1588 450 1674 reliquis
465 1589 671 1655 civitetibus
714 1589 754 1652 In
769 1588 933 1654 omnibus
948 1590 1103 1673 partibus
1118 1588 1277 1654 incendia

212 1697 486 1782 conspiciuntur;
499 1719 587 1782 quae
602 1704 665 1764 etsi
680 1703 812 1782 megnb
826 1717 906 1762 cum
921 1697 1042 1762 dolore
1057 1703 1179 1763 omnes
1193 1698 1278 1764 lere·
1298 1719 1329 1755 10

212 1808 305 1884 bant,
321 1819 435 1874 tamen
451 1809 517 1874 hec
534 1808 597 1874 sibi
613 1809 718 1875 selesei
734 1809 989 1892 preminebant,
1006 1808 1100 1892 quod
1117 1813 1153 1873 se
1169 1828 1278 1892 prope

212 1917 393 2000 explereta't
416 1917 560 1984 victerie
582 1918 737 1984 celeriter
759 1916 885 1984 emissa
909 1922 1173 2001 recuperetr'rres
1196 1922 1278 1982 cen-

212 2025 373 2091 lidebant.
415 2026 636 2093 Deliberetur
649 2028 692 2093 de
707 2027 859 2092 Avarice
875 2026 909 2090 in
924 2031 1104 2091 communi
1119 2025 1278 2103 concilies,

210 2133 347 2200 incendi
361 2136 492 2219 placeat
506 2157 550 2201 an
565 2134 712 2202 delendi.
750 2137 1005 2202 'Procumbunt
1020 2135 1184 2201 omnibus
1200 2135 1278 2202 Gal-

212 2243 251 2307 lis
273 2243 316 2308 ad
339 2244 444 2327 pedes
469 2244 655 2329 Bituriges,
679 2251 722 2311 ne
745 2245 1013 2329 pulcherrimam
1037 2266 1145 2329 prope
1170 2251 1278 2310 tetius
1298 2269 1326 2320 ις

213 2351 340 2418 Galliae
360 2354 491 2430 urbem,
509 2375 598 2438 quae
616 2363 650 2419 et
667 2353 840 2438 praesidio
858 2366 891 2421 et
909 2360 1118 2420 ornemente
1136 2354 1178 2420 sit
1198 2354 1278 2420 civi-

212 2467 285 2538 toti,
309 2467 380 2527 suis
403 2462 562 2527 manibus
585 2463 795 2528 succendere
819 2469 1006 2547 cegantur;
1030 2464 1127 2530 facile
1151 2471 1187 2530 se
1212 2466 1278 2531 loci

211 2575 334 2636 netisre
349 2569 551 2636 defensuros
567 2571 698 2648 dicunt,
715 2573 821 2656 quod,
838 2593 947 2658 prope
963 2595 1007 2639 ex
1024 2575 1187 2640 omnibus
1204 2596 1278 2659 par-

213 2679 304 2744 tibus
329 2678 471 2746 demine
496 2690 529 2745 et
556 2680 680 2764 palude
707 2680 930 2761 circumdata,
957 2689 1066 2750 unum
1093 2686 1217 2750 babeat
1244 2696 1276 2751 et

211 2799 460 2872 perangustum
478 2788 620 2854 aditum.
672 2789 785 2855 Datur
803 2791 1000 2874 petentibus
1019 2793 1129 2869 venia,
1148 2793 1278 2858 dissue·
1296 2823 1329 2859 20

212 2896 314 2984 deute
336 2903 449 2981 primo
471 2897 774 2984 Vercingetorige,
797 2913 876 2984 post
899 2901 1124 2978 concedente,
1147 2913 1180 2967 et
1203 2923 1277 2985 pre-

210 3004 308 3071 cibus
329 3005 484 3090 ipserum
507 3017 540 3071 et
565 3006 800 3074 misericordia
824 3009 929 3095 vulgi.
981 3010 1191 3076 Defensores
1214 3032 1275 3094 op·

212 3113 294 3197 pide
316 3115 431 3181 idenei
451 3115 662 3201 deliguntur.

294 3269 511 3341 Vercingetorix
529 3270 652 3324 observes
669 3272 766 3344 closely
782 3273 830 3326 the
848 3280 1017 3329 monomenls
1034 3275 1070 3346 os
1085 3276 1197 3330 Caesar.

280 3389 548 3476 Vercingetorix
572 3393 765 3459 minoribus
789 3393 972 3460 Caesarem
996 3395 1174 3461 itineribus
1198 3397 1337 3474 sub-16

211 3498 377 3582 sequitur,
404 3511 437 3566 et
465 3500 581 3568 locum
609 3508 729 3567 castris
756 3502 877 3588 deligit
905 3504 1088 3588 paludibus
1116 3505 1277 3590 silvisque
1296 3535 1326 3585 25

211 3613 396 3684 munitum,
419 3610 463 3673 ab
488 3609 638 3674 Avarice
662 3611 768 3695 longe
792 3611 884 3676 milia
908 3632 1072 3694 passuum
1098 3633 1173 3678 xvr.
1225 3614 1277 3679 Ibi

212 3737 273 3799 per
296 3723 409 3783 certos
433 3719 673 3801 explereteres
697 3719 731 3783 in
756 3719 892 3804 singula
916 3720 983 3786 (liei
1007 3732 1166 3806 tempora
1190 3745 1278 3808 quae

210 3824 253 3889 ad
273 3825 461 3891 Avaricum
481 3837 685 3910 gererentur
704 3829 940 3912 cognescebat
960 3840 993 3895 et
1014 3830 1096 3914 quid
1117 3831 1190 3897 ficri
1210 3833 1278 3900 vel-

211 3934 257 4000 let
274 3933 475 4019 imperebat.
525 3935 660 4002 Omnes
678 3942 815 4002 nostres
833 3939 1073 4021 pebuletienes
1092 3939 1278 4007 frumente-
