3044 4442
255 365 315 430 114
639 350 752 405 ssim
778 349 936 406 oneum

252 530 301 596 At
324 529 371 595 illi
394 531 591 597 intermisse
613 531 737 616 spatici,
762 530 1040 616 imprirdentibus
1063 535 1191 596 nostris
1213 539 1317 614 atque

252 646 432 724 occupetis
455 640 489 704 in
512 640 706 706 mimitiene
730 647 933 718 castrorum,
957 639 1073 706 subiti>
1097 646 1132 705 se
1156 661 1202 705 ex
1225 638 1318 703 silvis

250 748 436 825 eiecerunt,
454 749 656 834 impetrique
674 749 708 814 in
726 756 787 815 ees
803 749 906 827 facte,
925 755 1098 833 quierant
1116 748 1151 813 in
1169 748 1318 814 statiene

251 863 315 942 pro
337 865 456 923 castris
478 860 662 937 conlocati,
684 858 809 924 ecriter
831 862 1091 943 pugneverunt;
1113 856 1318 939 ducibusque

220 989 232 1038 5
252 966 364 1032 missis
383 967 537 1034 subsidit)
558 968 761 1033 cohortibus
781 975 801 1035 e
822 967 979 1046 Caesare,
1000 977 1103 1051 atque
1124 966 1177 1032 his
1199 972 1318 1052 primis

251 1076 431 1161 legionum
453 1076 611 1155 duarum,
634 1098 794 1143 cumeae
816 1077 1010 1162 perexigui>
1031 1076 1227 1143 intennissd
1250 1077 1318 1142 loci

252 1185 364 1269 spatio
385 1186 474 1252 inter
494 1193 530 1252 se
550 1185 797 1263 censtitissent,
818 1192 912 1251 nove
933 1206 1060 1271 genere
1082 1191 1221 1270 prignae
1242 1207 1318 1269 per-

251 1295 378 1361 territis
408 1301 545 1372 nostris,
576 1316 637 1378 per
666 1295 800 1360 medies
829 1294 1058 1360 audacissime
1087 1300 1317 1379 perruperunt

251 1410 357 1486 seque
375 1403 454 1468 inde
472 1403 663 1470 incolumes
680 1410 895 1488 receperunt.
938 1403 992 1469 Eo
1010 1403 1066 1468 die
1085 1403 1129 1487 Q.
1150 1403 1317 1470 Laberius

204 1539 235 1576 ιο
253 1512 383 1588 Durus,
414 1511 574 1577 tribunus
608 1512 768 1590 militum,
802 1511 1015 1577 interficitur.
1075 1512 1130 1577 Illi
1162 1512 1317 1596 pluribus

253 1620 431 1687 submissis
448 1620 654 1687 cohortibus
671 1621 894 1705 repelluntur.

609 1775 699 1830 Their
710 1775 843 1846 military
854 1777 963 1830 tactics.

195 1892 236 1958 16
321 1886 417 1953 Τόῒό
429 1887 498 1953 hoc
510 1886 545 1951 in
559 1908 686 1973 genere
699 1893 848 1972 pugnae,
863 1907 943 1952 cum
958 1886 1021 1952 sub
1036 1886 1146 1952 oculis
1160 1886 1319 1952 omnium

251 2003 291 2062 ec
304 2003 367 2082 pro
381 2002 502 2062 castris
515 1994 746 2074 dimiceretur,
762 1994 979 2061 intellectum
992 2007 1044 2061 est
1060 2001 1201 2060 nostres
1215 2015 1318 2079 prop-

252 2115 306 2171 ter
323 2105 533 2190 gravitatem
551 2111 737 2183 armerum,
757 2105 852 2189 quod
873 2126 983 2188 neque
1001 2110 1137 2189 insequi
1155 2105 1318 2170 cedentes

205 2245 233 2295 ις
253 2226 396 2301 possent
428 2236 540 2299 neque
571 2215 614 2280 ab
645 2220 753 2299 signis
784 2213 960 2280 discedere
991 2215 1171 2293 auderent,
1204 2207 1318 2280 minus

252 2331 355 2409 aptos
381 2345 455 2390 esse
481 2325 524 2390 ad
551 2323 654 2389 huius
681 2323 818 2409 generis
845 2322 999 2401 hostem;
1036 2322 1172 2408 equites
1199 2334 1317 2390 autem

253 2440 383 2518 migne
402 2455 482 2498 cum
501 2433 653 2517 periculi)
673 2432 805 2517 proelii)
824 2431 997 2512 dimicere,
1018 2440 1203 2517 proptereri
1222 2434 1318 2518 quod

190 2551 194 2558 “
252 2542 300 2607 illi
316 2543 422 2608 etiam
437 2541 601 2607 consulte>
616 2541 820 2627 plerumque
836 2542 1009 2619 cederent,
1027 2552 1063 2607 et
1080 2564 1159 2608 cum
1176 2543 1318 2626 paulum

252 2652 295 2718 ab
311 2651 507 2736 legionibus
523 2656 664 2716 nostros
680 2651 919 2728 remevissent,
936 2672 981 2716 ex
996 2651 1124 2717 essedis
1141 2650 1318 2716 desilirent

203 2790 236 2827 20
254 2773 287 2826 et
311 2759 457 2845 pedibus
481 2757 608 2843 dispari
632 2759 764 2842 proelid
789 2759 1051 2825 contenderent.
1117 2758 1319 2844 [Equestris

254 2881 372 2935 autem
393 2869 502 2952 proeli
523 2867 613 2933 ratiti
633 2877 669 2933 et
690 2867 894 2934 cedentibus
915 2878 949 2934 et
971 2867 1236 2953 insequentibus
1257 2874 1319 2953 per

253 2989 359 3063 atque
379 2977 470 3043 idem
491 2969 681 3061 periculum
701 2975 900 3060 inferebat]
954 2977 1155 3043 Accedebat
1176 2977 1255 3054 huc,
1278 2986 1317 3042 ut

252 3108 443 3172 numquam
459 3085 618 3164 conferti,
635 3085 694 3151 sed
710 3091 776 3151 rari
793 3092 998 3171 magnisque
1015 3086 1202 3152 intervallis
1219 3107 1319 3170 proe-

253 3197 420 3262 lia‘trentur
440 3194 679 3279 stationesque
699 3193 886 3279 disposites
906 3194 1085 3272 haberent,
1107 3204 1213 3278 atque
1234 3194 1319 3260 alies

204 3339 234 3389 25
254 3305 310 3371 alii
330 3304 492 3389 deinceps
514 3303 725 3388 exciperent,
746 3303 942 3390 integrique
963 3314 998 3370 et
1019 3310 1176 3370 recentes
1196 3303 1319 3369 delati-

255 3420 348 3499 gatis
369 3413 603 3480 succederent.

546 3571 678 3628 Another
688 3573 786 3644 defeat
797 3573 833 3644 of
840 3571 888 3626 the
900 3573 1028 3626 Brt'tons.

197 3718 237 3789 17
326 3694 473 3761 Postero
492 3693 547 3760 die
566 3694 687 3777 procul
706 3698 726 3758 {a
745 3699 864 3758 castris
882 3692 1001 3758 hostes
1020 3691 1055 3757 in
1075 3691 1220 3758 collibus
1239 3699 1322 3759 crin-

256 3805 429 3881 stiterunt‚
454 3809 591 3886 tritique
617 3808 653 3867 se
678 3801 862 3866 ostendere
887 3813 921 3866 et
947 3800 1057 3866 lenius
1081 3822 1186 3884 quam
1213 3800 1322 3885 pridie

255 3922 393 3981 nostres
408 3912 541 3997 equites
557 3909 690 3994 proelii)
705 3910 870 3975 lacessere
886 3915 1085 3993 coeperunt.
1136 3909 1204 3976 Sed
1222 3917 1323 3976 meri·
