3044 4442
276 369 314 431 82
662 367 775 422 BELLI
802 368 960 423 GALLICI

280 559 352 626 unt,
382 559 415 614 et
443 555 532 614 vires
559 548 618 614 alit
647 560 680 614 et
708 549 852 615 immimi
881 570 1067 634 corporum
1098 550 1338 636 magnitudine

278 658 436 722 homines
457 657 571 722 efficit.
617 658 735 741 Atque
757 658 792 722 in
814 680 890 723 eam
912 666 948 724 se
970 660 1260 725 ebnsuetrirlinem
1282 660 1339 725 ad-

278 765 453 831 duxerunt
478 778 516 831 ut
540 767 623 832 locis
648 766 877 852 frigidissimis
901 789 1013 852 neque
1036 774 1181 834 vestitus
1205 780 1340 852 praeter

277 875 381 959 pelles
394 875 561 941 haberent
576 876 773 960 quicquam,
789 882 937 960 quairum
953 887 1096 961 propter
1111 877 1340 961 exiguitatem

243 991 406 1070 smagna
429 996 480 1050 est
505 985 662 1069 corporis
685 1006 763 1071 pars
786 997 916 1070 aperta,
941 997 974 1052 et
999 987 1194 1053 lavarentur
1218 987 1252 1051 in
1278 987 1339 1053 flii-

276 1093 436 1161 minibus.

324 1255 352 1308 Τ
348 1253 400 1325 hey
410 1253 485 1309 have
496 1255 571 1310 little
583 1259 758 1312 tittercourse
769 1256 842 1311 with
847 1259 1025 1330 foreignm.
1069 1259 1158 1314 Their
1168 1259 1296 1330 cavalry.

235 1375 257 1427 2
349 1363 603 1429 Mercatbribus
631 1376 681 1430 est
708 1364 822 1430 aditus
848 1365 960 1449 magis
987 1372 1041 1443 ei),
1068 1376 1106 1430 ut
1133 1387 1220 1450 quae
1248 1367 1338 1431 belli)

276 1473 428 1556 ceperint
446 1473 571 1557 quibus
588 1473 740 1539 vendant
758 1474 917 1552 habeant,
936 1495 1041 1559 quam
1058 1480 1128 1559 qub
1146 1475 1250 1540 tiliam
1267 1496 1338 1540 rem

276 1583 318 1647 ad
336 1589 373 1648 se
388 1581 569 1667 importari
585 1583 791 1649 desiderent.
836 1583 931 1668 Quin
950 1585 1054 1650 etiam
1073 1585 1246 1662 iumentis,
1266 1583 1339 1668 qui-

227 1715 258 1752 ιο
276 1694 340 1757 bus
357 1692 509 1758 maxime
527 1692 615 1758 Galli
633 1693 848 1758 delectantur
865 1715 1024 1778 quaeque
1041 1693 1200 1778 impensi)
1220 1706 1338 1778 parant

274 1801 398 1886 pretii),
429 1799 628 1885 [Germani]
658 1801 859 1887 importatis
882 1810 954 1868 nim
978 1809 1143 1882 utuntur3
1167 1805 1226 1869 sed
1251 1826 1339 1889 quae

276 1920 356 1975 sunt
378 1911 469 1994 apud
493 1917 553 1976 ebs
576 1917 667 1990 nata,
692 1932 796 1996 parva
818 1923 923 1995 atque
946 1911 1124 1990 deformia,
1149 1913 1231 1978 baec
1256 1918 1340 1976 coti-

275 2019 377 2086 diima
408 2020 657 2087 exercitzitiime
689 2027 817 2086 summi
848 2031 885 2085 ut
918 2020 985 2085 sint
1017 2020 1144 2085 labbris
1176 2021 1338 2086 efficiunt.

276 2130 504 2214 Equestribus
519 2131 657 2216 proeliis
673 2153 775 2216 saepe
790 2153 834 2196 ex
850 2137 947 2214 equis
962 2128 1123 2195 desiliunt
1138 2136 1178 2194 ac
1194 2130 1338 2214 pedibus

225 2264 254 2314 ις
275 2239 497 2324 proeliantur,
529 2247 707 2325 equusque
738 2241 862 2306 eedem
894 2246 1070 2305 remanere
1101 2239 1249 2323 vestigii)
1281 2239 1338 2303 ad·

275 2350 503 2427 suffecerunt,
523 2350 566 2415 a<l
586 2356 675 2433 qubs
694 2357 730 2415 se
749 2349 915 2426 celeriter,
934 2370 1014 2414 cum
1035 2355 1117 2414 usus
1135 2360 1198 2426 est,
1219 2348 1337 2432 recipi-

276 2472 353 2537 unt;
379 2482 491 2544 neque
514 2466 636 2524 ebrum
658 2460 814 2524 minibus
837 2457 972 2543 turpius
995 2458 1181 2543 quicquam
1205 2469 1263 2523 aut
1289 2458 1337 2522 in-

275 2570 380 2635 ertius
397 2570 544 2634 habetur
561 2591 665 2653 quam
684 2568 855 2653 ephippiis
873 2574 933 2633 uti.
978 2569 1101 2652 Itaque
1119 2568 1162 2634 ad
1182 2575 1338 2653 quemvis

275 2699 458 2743 numerum
476 2678 756 2763 ephippiatrirum
775 2677 932 2763 equitum
952 2683 1109 2761 quamvis
1127 2683 1227 2761 pauci
1245 2677 1338 2741 adire

224 2813 257 2851 20
275 2786 412 2852 audent.
452 2787 584 2853 Vinum
598 2793 743 2853 omnini>
759 2787 801 2852 ad
816 2793 852 2851 se
868 2786 1048 2870 importari
1063 2807 1134 2849 non
1151 2785 1337 2869 patiuntur.

275 2896 370 2980 quod
386 2902 426 2962 ei
444 2903 480 2962 re
497 2896 539 2961 ad
555 2896 710 2962 labbrern
727 2895 908 2961 ferendum
925 2894 1163 2961 remollescere
1180 2894 1338 2959 homines

273 3015 379 3090 atque
399 3004 590 3072 effeminari
609 3004 833 3070 arbitrantur.

575 3177 633 3232 The
646 3177 721 3232 Ubii.
765 3177 854 3232 Their
865 3177 1042 3232 tributaries.

234 3305 255 3370 3
346 3289 488 3355 Publice
508 3288 697 3354 maximam
720 3299 843 3373 putant
866 3311 940 3355 esse
961 3288 1098 3374 laudem
1120 3311 1223 3373 quam
1247 3288 1338 3353 litis-

276 3399 360 3464 sime
378 3404 398 3463 ei
415 3405 485 3462 suis
503 3397 630 3463 finibus
648 3405 770 3463 vacrire
789 3405 906 3482 agnis:
926 3398 990 3463 hic
1009 3404 1045 3463 re
1064 3397 1250 3481 significari
1269 3401 1339 3459 mi-

223 3535 253 3585 25
274 3528 385 3592 gnum
414 3529 598 3573 numerum
630 3507 809 3573 civitatum
841 3529 938 3572 suam
969 3507 1039 3572 vim
1070 3505 1237 3572 sustinere
1269 3511 1338 3570 nim

275 3639 385 3701 posse.
437 3617 559 3701 Itaque
576 3621 644 3681 ima
660 3638 703 3681 ex
720 3627 815 3699 parte
831 3621 851 3681 it
867 3615 991 3682 Suebis
1007 3615 1142 3680 circiter
1156 3614 1248 3679 milia
1265 3635 1339 3698 pas-

272 3747 374 3792 suum
388 3745 408 3791 c
420 3731 495 3810 agri
507 3733 629 3790 vacare
642 3724 814 3790 dicuntur.
852 3724 908 3789 Ad
921 3723 1064 3791 alteram
1077 3733 1210 3809 partem
1224 3726 1339 3787 succe-

274 3835 361 3901 dunt
381 3836 476 3907 Ubii,
496 3841 645 3919 quinum
666 3833 728 3898 luit
749 3834 868 3898 civitas
888 3835 1001 3917 ampla
1020 3847 1124 3918 atque
1144 3834 1281 3910 florens,
1302 3843 1338 3897 ut

273 3955 324 4010 est
338 3954 460 4028 captus
474 3943 744 4021 Germinbrum;
758 3951 789 4009 ei
803 3943 918 4026 paulu,
933 3963 1143 4026 (prarnquam
1158 3953 1237 4007 sunt
1252 3943 1340 4007 eius-
