3048 4444
646 363 759 416 BELLI
786 361 944 417 GALLICI

414 605 461 658 He
478 605 575 659 checks
591 605 640 659 the
656 607 771 677 designs
788 608 823 678 qs
837 606 991 660 Lucterius
1008 609 1041 658 at
1058 604 1166 659 Narbo.

220 740 241 810 7
331 730 473 795 Interim
491 731 675 797 Lucterius
690 731 868 804 Cadurcus
884 731 918 794 in
935 731 1094 795 Rutenos
1110 730 1234 795 missus
1249 750 1325 795 eam

259 839 436 906 civitatem
454 840 620 906 Arvernis
639 839 811 906 conciliat.
863 839 1073 926 Progressus
1091 838 1125 902 in
1146 837 1324 903 Nitiobro-
1382 854 1387 860 ·

260 955 323 1035 ges
345 961 379 1014 et
403 948 553 1015 Gabalos
576 950 618 1015 ab
642 955 796 1033 utrisque
820 948 958 1014 obsides
980 947 1116 1031 accipit,
1140 958 1173 1012 et
1197 951 1326 1031 magni

261 1063 382 1123 couctit
406 1063 510 1123 manu
535 1059 570 1123 in
595 1058 808 1142 provinciam
836 1057 1038 1124 Narbonem
1063 1077 1182 1122 versus
1207 1056 1324 1140 inrup-

227 1183 241 1235 5
260 1167 391 1232 liunem
409 1166 519 1233 iacere
537 1168 727 1234 contendit.
778 1168 913 1252 Quivre
930 1166 1089 1233 nuntiutu
1108 1165 1233 1232 Caesar
1251 1185 1326 1231 om-

260 1275 360 1340 nibus
386 1277 537 1341 consiliis
561 1277 848 1344 antevertendum
875 1276 1097 1354 existimuvit‚
1124 1287 1163 1340 ut
1190 1275 1324 1340 Narbu-

258 1406 338 1450 nem
361 1384 646 1469 proficisceretur.
697 1387 751 1451 Εό
774 1408 853 1452 cum
876 1385 1036 1462 venisset,
1058 1385 1221 1453 timentes
1243 1391 1325 1450 cun-

259 1494 384 1572 urmat‚
402 1494 569 1579 praesidia
586 1495 620 1560 in
639 1496 787 1562 Rutenis
805 1495 1082 1579 pruvinciulibus,
1101 1494 1221 1560 Volcis
1240 1494 1325 1559 Are-

258 1604 410 1682 comicis,
433 1605 656 1671 Tolusatibus
678 1606 877 1689 circumque
901 1604 1115 1681 Narbonem,
1137 1625 1226 1687 quae
1249 1603 1325 1667 loca

211 1735 241 1771 10
259 1713 416 1780 hostibus
433 1724 530 1780 erant
546 1714 703 1792 unitima,
720 1713 915 1792 cunstituit;
933 1724 1066 1798 partem
1084 1712 1263 1796 cupiirum
1280 1733 1324 1777 ex

258 1823 436 1906 pruvincia
457 1825 808 1908 supplementumque
830 1817 924 1908 quod
947 1845 990 1888 ex
1013 1808 1112 1887 ltalia
1132 1820 1324 1887 adduxerat

258 1932 293 1997 in
318 1932 474 2010 Helvius,
499 1939 558 2018 qui
581 1933 667 1998 lines
690 1921 929 1999 Arvernurum
953 1932 1175 2018 contingunt,
1199 1954 1324 1998 conve-

259 2048 332 2109 nire
351 2043 455 2109 iubet.

302 2200 437 2270 crossug
449 2200 484 2271 os
498 2198 547 2252 the
566 2200 703 2253 Cevennes
721 2199 848 2270 through
867 2200 916 2253 tlte
931 2217 1017 2254 snow.
1064 2201 1281 2272 Vercingetorix

537 2293 654 2342 returns
671 2294 700 2342 to
717 2288 824 2359 defend
839 2287 886 2341 the
903 2289 1042 2342 Arverni.

218 2417 240 2482 8
328 2414 395 2480 His
413 2416 515 2481 rebus
533 2421 753 2499 comparatis
773 2421 930 2499 represso
948 2415 1016 2480 iam
1037 2415 1201 2480 Lucterio
1220 2425 1253 2479 et
1273 2435 1324 2480 re-

210 2538 239 2587 15
258 2531 367 2599 mutu,
383 2525 476 2608 quod
493 2525 619 2590 intrare
634 2525 722 2591 intra
738 2524 910 2610 praesidia·
920 2524 1153 2608 periculosum
1169 2517 1324 2608 putabat,

258 2633 292 2698 in
313 2634 460 2699 Helvios
479 2633 717 2718 proficiscitur.
769 2634 844 2700 Etsi
865 2640 966 2699 muns
986 2633 1161 2711 Cebenna,
1180 2639 1240 2716 qui
1259 2633 1324 2696 Ar-

259 2750 384 2808 vernus
411 2744 453 2807 ab
483 2743 617 2807 Helviis
644 2742 816 2818 discludit,
845 2742 1030 2808 durissimo
1058 2753 1215 2825 tempore
1243 2747 1324 2808 anni
1367 2777 1373 2786 =

258 2851 422 2917 altissima
441 2851 518 2917 nive
538 2851 602 2917 iter
620 2851 844 2934 impediebat;
870 2864 997 2927 tamen,
1017 2851 1170 2917 discussi
1190 2851 1268 2917 nive
1288 2851 1322 2916 in

258 2961 475 3026 altitudinem
496 2960 624 3045 pedum
645 2979 683 3025 vl
703 2971 808 3044 atque
828 2960 874 3025 ita
893 2961 956 3025 viis
975 2961 1165 3045 patefactis,
1186 2967 1324 3026 summu

208 3093 240 3130 πο
258 3070 406 3136 militum
422 3071 539 3136 labore
554 3070 596 3135 acl
612 3070 699 3135 lines
714 3069 953 3135 Arvernurum
970 3070 1136 3154 pervenit.
1187 3070 1325 3155 Quibus

258 3185 431 3263 oppressis
447 3178 718 3262 inopinantibus
734 3179 829 3263 quod
845 3186 881 3246 se
897 3179 1061 3248 Cebenni
1077 3191 1115 3246 ut
1131 3186 1232 3246 muru
1248 3186 1322 3245 mu-

257 3294 350 3380 nitus
364 3287 619 3366 existimabant,
633 3294 673 3354 uc
687 3293 731 3354 ne
745 3287 911 3373 singulari
924 3290 1064 3375 quidem
1080 3311 1245 3374 umquam
1260 3289 1322 3353 ho-

258 3398 343 3463 mini
361 3403 404 3463 eu
421 3410 579 3482 tempore
597 3404 678 3462 anni
696 3397 838 3465 semitae
858 3411 1049 3484 patuerant,
1069 3399 1244 3484 equitibus
1262 3399 1324 3464 im-

259 3517 355 3593 perat
369 3518 407 3572 ut
421 3528 525 3592 quam
539 3505 703 3572 latissime
718 3507 851 3591 possint
865 3519 1034 3592 vagentur
1048 3521 1080 3573 et
1096 3530 1200 3593 quam
1216 3508 1324 3573 maxi-

209 3642 239 3693 ²5
259 3638 355 3682 mum
375 3615 533 3682 hostibus
552 3622 719 3681 terrurem
738 3617 894 3681 inierant.
945 3615 1111 3682 Celeriter
1130 3618 1214 3682 haec
1235 3617 1325 3682 lima

258 3733 299 3793 uc
320 3727 432 3791 nuntii
453 3727 494 3792 ad
518 3725 845 3810 Vercingetorigem
867 3724 1100 3808 perferuntur;
1123 3748 1227 3810 quem
1250 3747 1325 3811 per-

258 3837 369 3904 territi
385 3843 507 3903 omnes
524 3836 673 3902 Arverni
689 3833 946 3901 circumsistunt
964 3845 1068 3921 atque
1086 3837 1269 3902 obsecrant
1288 3846 1326 3902 ut

260 3953 330 4011 suis
348 3945 498 4011 fortunis
518 3945 687 4022 cunsulat,
709 3962 775 4009 neu
795 3949 831 4008 se
850 3943 893 4009 ab
912 3944 1074 4011 hostibus
1093 3945 1195 4031 diripi
1214 3945 1324 4030 patia-
