3000 4456
516 377 634 432 LIBER
660 378 681 432 l.
707 375 790 433 CAP.
819 376 930 444 14-16.
1220 396 1253 444 11

179 563 310 624 cerum
325 555 428 623 sociis
445 564 609 624 coectum
626 557 788 636 habebat,
807 556 1009 643 praemittit,
1028 565 1087 643 qui
1103 557 1256 638 videant,

181 666 331 752 quasin
354 673 472 752 partes
495 666 616 732 hostes
639 667 705 733 iter
727 667 866 733 iaciant.
917 668 989 753 Qui
1013 667 1172 752 cupidius
1196 689 1257 733 110-

180 775 367 842 vissimum
396 797 524 862 agmen
552 781 702 842 insecriti
732 776 846 842 alieno
876 777 955 842 loco
985 798 1065 842 cum
1096 776 1256 861 equitatu

182 885 436 952 Helvetiorum
459 885 631 970 proelium
654 885 902 964 committunt;
925 895 959 950 et
985 891 1087 970 pauci
1110 886 1154 951 de
1177 907 1256 952 nos-

181 1001 245 1062 tris
263 994 407 1061 cadunt.
1274 1016 1287 1066 5

253 1104 340 1189 Quo
356 1103 489 1188 proelio
506 1102 634 1169 sublati
651 1103 815 1182 Helvetii,
833 1104 928 1189 quod
945 1110 1145 1190 quingentIs
1161 1105 1256 1190 equi·

180 1213 277 1280 tibus
294 1223 432 1279 tantam
446 1211 707 1278 multitudinem
723 1211 882 1297 equitum
897 1212 1134 1298 propulerant,
1151 1214 1255 1279 anda-

178 1321 255 1389 cius
286 1321 475 1388 subsistere
505 1328 576 1387 non
606 1344 798 1406 numquam
828 1334 863 1388 et
895 1322 1086 1389 novissimo
1116 1323 1255 1410 agmine

142 1421 146 1426 ’
178 1431 319 1518 proelio
345 1438 488 1498 nostros
515 1432 680 1498 lacessere
707 1438 910 1516 coeperunt.
972 1415 1110 1499 Caesar¹
1126 1439 1208 1499 suos
1235 1441 1255 1500 a

178 1542 317 1628 proelio
337 1541 553 1620 continebat,
573 1548 614 1609 ac
632 1541 715 1608 satis
734 1542 884 1608 habebat
904 1542 939 1607 in
959 1543 1154 1627 praesentia
1173 1543 1253 1609 hos·
1274 1567 1305 1604 10

182 1663 257 1718 tem
284 1635 414 1736 rapinis
444 1651 763 1737 [pabulationibus]
794 1650 1150 1737 populetidnibusque
1176 1674 1254 1738 pro-

181 1761 314 1828 hibere.
368 1762 424 1827 Ita
451 1761 524 1828 dies
551 1761 689 1828 circiter
715 1781 765 1826 xv
793 1761 861 1828 iter
887 1760 1055 1840 lecerunt,
1083 1767 1137 1828 uti
1164 1762 1255 1828 inter

178 1871 414 1938 novissimum
437 1870 594 1937 hostium
616 1893 743 1957 agmen
766 1882 801 1938 et
825 1882 987 1939 nostrum
1010 1880 1160 1958 primum
1184 1881 1254 1940 non

176 1981 331 2067 amplius
350 1987 464 2066 quinis
482 1991 542 2046 aut
563 1979 654 2046 senis
673 1979 811 2047 milibus
829 2002 994 2066 passuum
1014 1981 1207 2049 interesset.

183 2179 210 2232 T
206 2178 242 2232 he
254 2177 386 2241 Haedui,
400 2177 561 2249 neglectt'ng
573 2176 734 2249 tosurnish
740 2179 846 2248 grar'n,
859 2194 912 2231 are
924 2177 1127 2249 upbrar'dedby
1140 2179 1253 2233 Caesar.

248 2315 400 2382 Interim
420 2317 550 2384 cotidie
571 2315 698 2384 Caesar
719 2317 889 2384 Haeduos
910 2316 1135 2394 frumentum,
1158 2315 1253 2400 quod
1274 2309 1314 2378 16

178 2439 295 2494 essent
328 2426 466 2512 ptiblice
493 2427 649 2512 polliciti,
678 2427 845 2514 flegitaire.
909 2427 1000 2493 Nam
1029 2438 1171 2512 propter
1199 2425 1254 2490 lri-

177 2559 265 2623 gora
290 2537 406 2622 [quod
424 2536 535 2604 Gallia
553 2537 616 2604 sub
634 2538 942 2623 septentrionibus,
961 2549 1001 2604 ut
1019 2549 1101 2605 ante
1120 2537 1254 2603 dictum

178 2659 243 2726 est,
268 2645 389 2733 posita
411 2648 493 2732 est,]
521 2654 592 2713 non
615 2648 723 2714 modo
747 2647 921 2714 lrirmenta
944 2647 978 2713 in
1002 2654 1095 2734 agris
1118 2653 1254 2714 matura

180 2765 251 2824 non
267 2768 381 2835 erant,
397 2758 457 2823 sed
471 2763 515 2823 ne
529 2756 647 2842 pabuli
661 2757 802 2842 quidem
818 2757 902 2823 satis
916 2763 1044 2844 magna
1059 2755 1160 2841 copia
1176 2777 1254 2841 sup-

178 2868 340 2951 petebat;
358 2871 402 2931 eo
419 2878 536 2932 autem
556 2866 743 2939 lnimentt'),
763 2866 856 2950 quod
878 2866 1019 2932 flumine
1040 2867 1140 2932 Arari
1159 2865 1253 2931 navi·
1272 2894 1305 2932 20

178 2975 243 3044 bus
260 2976 485 3055 subvexerat,
503 2982 689 3060 propterea
705 2981 758 3041 uti
774 2976 889 3042 minus
906 2987 1057 3062 poterat,
1076 2977 1171 3060 quod
1188 2975 1256 3041 iter

179 3085 221 3151 ab
241 3087 350 3152 Arari
370 3084 526 3150 Helvetii
545 3091 755 3164 averterant,
775 3091 795 3152 a
816 3085 940 3170 quibus
961 3085 1136 3152 discedere
1157 3086 1252 3150 nole-

179 3195 250 3262 bat.
306 3194 410 3261 Diem
434 3217 478 3262 ex
502 3194 557 3261 die
580 3195 706 3262 ducere
731 3195 885 3262 Haedui:
910 3195 1068 3274 conlerri,
1093 3217 1255 3280 compor-

181 3311 257 3384 tari,
275 3303 398 3371 adesse
415 3304 537 3370 dicere.

250 3413 324 3482 Ubi
347 3420 383 3479 se
404 3413 536 3479 diutius
556 3415 636 3479 duci
657 3412 826 3480 intellexit
848 3426 882 3479 et
905 3413 997 3480 diem
1017 3420 1157 3492 instere,
1181 3421 1252 3499 quo
1272 3444 1302 3492 2⁵

181 3523 237 3590 die
260 3523 477 3589 frementum
501 3522 669 3589 militibus
693 3530 809 3588 metiri
832 3531 1024 3609 oporteret,
1050 3531 1255 3590 convocetis

180 3639 305 3699 eorum
324 3630 547 3716 principibus,
568 3639 718 3716 quorum
737 3639 903 3717 magnam
922 3632 1059 3718 copiam
1079 3633 1113 3698 in
1133 3641 1255 3701 castris

182 3741 346 3815 habebat,
367 3740 402 3806 in
422 3741 475 3806 his
496 3741 676 3807 Diviciaco
696 3752 730 3807 et
753 3741 866 3820 Lisco,
888 3749 948 3827 qui
968 3749 1107 3809 summe
1128 3743 1254 3829 magis-

181 3858 291 3919 tretui
312 3863 480 3937 praeerat,
504 3872 607 3936 quem
630 3852 880 3935 vergobretum
902 3853 1078 3937 appellant
1103 3853 1253 3930 Haedui,

183 3967 242 4045 qui
260 3967 400 4028 creatur
417 3980 553 4026 annuus
570 3971 605 4026 et
624 3967 717 4026 vitae
736 3959 898 4044 necisque
915 3961 950 4026 in
969 3968 1051 4027 suos
1070 3961 1173 4027 habet
1193 3983 1254 4049 po·
1270 3990 1304 4038 30
