3044 4442
250 326 293 390 86
638 327 750 379 BELLI
777 326 936 379 caturci

251 512 347 572 trans
361 506 499 572 Mosam
512 506 667 584 missam;
692 507 757 571 has
769 512 965 590 exspectari
978 506 1113 590 equites
1125 519 1232 591 atque
1244 507 1319 572 eius

252 621 301 682 rei
320 621 424 682 causa
442 637 577 681 moram
597 616 772 700 interpbni
790 615 1032 681 arbitrabatur.

580 791 640 847 The
651 793 751 846 Meuse
761 793 826 846 and
834 792 884 846 the
895 792 998 846 Rkine.

193 919 234 971 ιο
324 903 426 969 Mosa
443 901 585 987 prbfluit
603 924 649 969 ex
667 913 788 968 monte
808 901 965 986 Vosega,
985 908 1045 985 qui
1065 913 1117 968 est
1137 902 1172 966 in
1192 903 1318 968 finibus

254 1012 469 1097 Lingonum,
491 1023 526 1077 et
548 1021 645 1096 parte
666 1011 816 1095 quadam
839 1033 884 1077 ex
909 1011 1035 1098 Rhene
1056 1016 1207 1096 recepta,
1230 1031 1317 1097 quae

217 1147 230 1197 ς
252 1122 445 1206 appellatur
470 1121 631 1198 Vacalus,
656 1121 804 1186 insulam
830 1119 935 1186 efficit
964 1121 1177 1186 Batavarum
1205 1142 1317 1205 neque

253 1230 392 1315 longius
414 1230 495 1296 inde
518 1230 657 1295 mssibus
681 1250 846 1314 passuum
871 1249 976 1294 Lxxx
1001 1230 1036 1294 in
1060 1212 1244 1297 Oceanum
1265 1237 1317 1295 in-

253 1339 338 1406 fluit.
388 1339 533 1405 Rhenus
557 1350 675 1405 autem
700 1338 812 1404 oritur
834 1361 880 1404 ex
905 1339 1099 1423 Lepontiis,
1124 1345 1184 1424 qui
1209 1341 1317 1423 Alpes
1422 1363 1430 1382 ν

252 1450 419 1528 incolunt,
442 1459 477 1515 et
500 1449 609 1534 longa
631 1447 745 1533 spatis)
767 1470 828 1533 per
851 1448 939 1514 fines
965 1449 1206 1526 Nantuatium,
1233 1449 1316 1515 Hel-

250 1559 435 1637 vetibrum,
456 1558 711 1643 Sequanarum,
733 1558 1053 1636 Mediomatricum,
1073 1559 1316 1634 Tribocarum,

201 1697 232 1736 ιο
252 1668 485 1735 Treverarum
510 1668 636 1734 citatus
662 1667 785 1747 tertur3
810 1678 845 1735 et
872 1668 930 1734 ubi
958 1653 1105 1736 Oceani)
1131 1667 1316 1753 adpropin-

251 1777 381 1863 quavit,
408 1778 443 1843 in
470 1778 585 1861 plures
611 1777 737 1843 diffluit
763 1785 878 1862 partes
903 1779 1021 1844 multis
1047 1777 1315 1863 ingentibusque

248 1888 368 1954 insulis
385 1886 529 1964 effectis,
548 1892 697 1970 quarum
715 1908 794 1972 pars
813 1895 941 1973 magna
959 1894 979 1954 a
998 1886 1077 1953 feris
1095 1888 1316 1970 barbarisque

250 1996 449 2063 natianibus
481 1995 772 2073 incolitur,-ex
804 1997 930 2080 quibus
962 2008 1043 2062 sunt
1073 2002 1134 2080 qui
1165 1996 1316 2081 piscibus

250 2117 355 2191 atque
388 2110 464 2172 avis
499 2105 616 2172 avium
652 2113 768 2171 vivere
804 2105 1316 2189 existimantur,-multisque

201 2247 229 2299 ις
250 2215 421 2302 capitibus
439 2215 473 2282 in
493 2198 677 2284 Oceanum
695 2213 818 2280 influit.

330 2390 468 2446 Δόνακα
479 2391 515 2462 os
524 2389 639 2445 Caesar.
679 2389 801 2460 Parleys
811 2389 885 2443 wt'th
897 2388 946 2443 the
956 2406 1060 2460 enemy,
1072 2389 1137 2444 who
1148 2395 1196 2461 try
1206 2395 1236 2444 to

697 2479 866 2548 garittime.

192 2613 229 2666 11
320 2585 446 2654 Cacsar
460 2609 540 2655 cum
554 2587 597 2654 ab
613 2587 714 2653 hoste
728 2593 800 2653 nan
816 2587 963 2671 amplius
977 2608 1141 2671 passuum
1157 2606 1215 2651 xn
1230 2587 1317 2652 mssi·

252 2697 315 2764 bus
334 2697 479 2772 abesset,
499 2707 537 2762 ut
557 2707 629 2762 erat
651 2696 893 2772 cunstitutum
913 2695 956 2760 ad
977 2716 1056 2760 eum
1078 2697 1183 2777 legati
1204 2716 1317 2760 rever-

251 2817 385 2882 tuntur:
405 2811 465 2890 qui
485 2804 519 2870 in
540 2804 662 2870 itinere
681 2809 860 2888 congressi
879 2809 1092 2886 magnopere
1112 2807 1156 2866 ne
1175 2800 1316 2885 longius

251 2914 530 3000 progrederetur,
561 2914 717 2979 brabant.
774 2911 864 2977 Cu'm
895 2910 928 2975 id
960 2916 1031 2975 m'm
1061 2909 1315 2993 impetrassent,

200 3053 231 3092 πο
252 3024 425 3109 petebant,
447 3029 499 3089 uti
520 3022 563 3088 ad
585 3029 645 3088 eas
666 3019 801 3105 equites
822 3026 882 3105 qui
903 3040 1030 3104 agmen
1052 3020 1316 3086 antecessissent

252 3133 498 3218 praemitteret,
519 3139 649 3217 easque
670 3135 790 3216 pugna
811 3129 1021 3215 prohiberet,
1042 3129 1176 3213 sibique
1196 3139 1234 3195 ut
1254 3151 1316 3214 po-

250 3249 411 3310 testatem
430 3242 556 3309 faceret
575 3241 610 3307 in
628 3239 743 3308 Ubias
762 3241 898 3325 legatas
917 3239 1093 3317 mittendi;
1117 3245 1268 3322 quarum
1288 3245 1317 3304 si

250 3351 422 3437 principes
438 3358 478 3418 ac
495 3357 636 3418 senatus
653 3349 717 3416 sibi
734 3350 807 3416 iure
824 3348 972 3415 iuranda
989 3347 1094 3415 fidem
1112 3348 1258 3426 fecisset,
1276 3353 1317 3414 ea

199 3603 229 3654 2⁵
250 3573 348 3639 bant:
367 3571 410 3638 ad
429 3571 490 3637 has
509 3577 562 3636 res
581 3569 815 3636 canficiendas
834 3567 898 3635 sibi
917 3567 1023 3634 tridui
1041 3568 1191 3653 spatium
1209 3568 1314 3634 daret.

321 3680 419 3748 Haec
437 3679 554 3746 omnia
573 3679 700 3746 Caesar
717 3679 842 3745 eadem
862 3677 921 3743 illa
940 3679 1111 3763 pertinere
1129 3677 1316 3742 arbitraba-

250 3802 317 3870 tur,
333 3803 371 3858 ut
388 3789 493 3856 tridui
508 3795 607 3854 mora
624 3787 827 3872 interposita
843 3787 977 3871 equites
993 3795 1126 3864 earum,
1144 3791 1203 3870 qui
1220 3786 1315 3850 abes-

253 3910 340 3981 sent,
367 3909 637 3978 reverterentur;
664 3908 782 3964 tamen
810 3903 885 3963 sese
911 3902 982 3961 nan
1010 3897 1149 3980 longius
1177 3896 1315 3962 milibus
