3044 4442
254 347 314 414 ¹30
631 329 930 387 uermerium

250 517 384 577 trerum
412 511 629 578 distulerunt.
680 512 814 578 Hostes
840 512 997 578 meximo
1024 513 1186 590 demere,
1214 517 1316 577 sicuti

249 627 347 706 parte
361 621 428 686 iam
444 632 547 704 atque
563 621 913 706 expleretivict6n2'1,
928 627 1040 687 turres
1055 621 1315 704 testudinesque

248 750 353 815 agere
372 741 406 795 et
428 731 527 796 scelis
546 731 675 796 vellum
695 731 880 797 ascendere
900 737 1101 815 coeperunt.
1151 730 1198 796 At
1219 741 1316 796 tanta

250 839 398 905 militum
420 839 530 904 virtus
551 851 655 924 atque
677 861 717 906 ea
737 841 931 925 praesentia
950 840 1055 905 animi
1077 839 1141 905 fuit
1163 851 1212 918 ut,
1234 860 1315 906 cum

216 973 230 1023 s
250 949 403 1033 undique
424 948 563 1014 flamme
582 955 797 1015 torrerentur
815 949 1038 1034 meximeque
1057 950 1208 1015 telerum
1228 950 1315 1014 mul-

248 1059 396 1125 titudine
411 1071 650 1144 premerentur
666 1079 797 1142 suaque
813 1059 931 1124 omnia
948 1059 1196 1143 impedimenta
1211 1069 1316 1143 atque

250 1175 372 1235 omnes
399 1169 556 1234 fortensis
583 1167 799 1253 cenflagrere
827 1167 1078 1252 intellegerent,
1107 1175 1179 1234 nen
1207 1169 1315 1233 modo

255 1278 490 1363 [demigrandi
503 1277 623 1361 causti]
643 1277 686 1342 de
699 1278 790 1342 vello
804 1276 987 1342 decederet
1001 1283 1116 1354 neme,
1131 1277 1190 1343 sed
1206 1298 1315 1362 paene

248 1393 292 1454 ne
305 1387 489 1471 respiceret
503 1387 643 1471 quidem
658 1386 857 1472 quisquam;
870 1393 910 1452 ec
924 1397 998 1452 tum
1014 1393 1136 1453 omnes
1149 1387 1315 1453 {acerrime

200 1522 232 1560 ιο
249 1497 505 1580 fortissimeque
528 1501 735 1581 pugnarent.

320 1606 389 1671 Hic
409 1606 482 1672 dies
502 1612 629 1671 nostris
650 1607 756 1690 longe
775 1605 1000 1690 gravissimus
1019 1604 1095 1683 fuit,
1117 1605 1177 1671 sed
1197 1616 1314 1671 tamen

249 1716 341 1781 hunc
359 1715 479 1780 habuit
495 1721 660 1781 eventum
677 1726 714 1779 ut
732 1721 774 1780 ee
791 1713 846 1808 die
863 1715 1037 1779 meximus
1054 1735 1218 1780 numerus
1235 1715 1314 1780 hos-

250 1825 339 1890 tium
360 1825 601 1891 vulnereretur
621 1836 727 1908 atque
747 1823 1012 1902 interficeretur,
1034 1835 1074 1889 ut
1095 1830 1132 1890 se
1153 1826 1216 1890 sub
1238 1825 1314 1908 ipse

248 1936 339 2000 velle>
354 1941 633 2018 constipaverant
649 1953 892 2016 recessumque
908 1939 1027 2015 primis
1042 1933 1154 1998 ultimi
1170 1939 1241 1998 non
1256 1933 1314 1997 da-

201 2070 230 2119 15
249 2044 342 2109 bant.
393 2043 540 2108 Paulum
563 2041 704 2126 quidem
726 2041 921 2107 intermisse
943 2041 1083 2107 flamme
1105 2052 1138 2108 et
1162 2041 1315 2126 quedam

249 2153 328 2218 loce
346 2157 433 2217 turri
451 2151 574 2216 adecti
592 2161 625 2216 et
645 2150 872 2234 contingente
892 2150 1031 2228 vellum,
1051 2150 1171 2217 tertiae
1191 2151 1314 2218 cohor-

249 2263 293 2327 tis
306 2261 526 2327 centurienes
540 2283 584 2326 ex
600 2267 643 2327 ee
656 2267 728 2345 que>
742 2262 879 2327 stebant
895 2262 974 2327 loce
989 2268 1203 2327 recesserunt
1218 2266 1314 2326 suds-

249 2393 315 2456 que
344 2378 466 2437 omnes
495 2377 735 2450 remeverunt3
763 2377 852 2462 netu
883 2371 1095 2456 vecibusque
1124 2372 1254 2449 hostes,
1285 2367 1316 2435 si

248 2482 390 2547 introire
417 2482 555 2558 vellent,
584 2488 709 2548 vocere
736 2488 944 2566 coeperunt;
972 2487 1120 2566 quorum
1149 2479 1313 2563 pregredi

200 2614 232 2653 20
249 2612 352 2656 ausus
368 2601 418 2656 est
435 2596 549 2657 nemo.
598 2590 691 2655 Tum
707 2612 751 2655 ex
767 2597 864 2655 omni
880 2600 977 2674 parte
994 2588 1163 2671 lapidibus
1179 2587 1314 2653 coniec-

249 2705 293 2765 tis
312 2700 486 2766 deturbeti
507 2698 679 2782 turrisque
699 2704 864 2763 succensa
882 2707 943 2762 est.

573 2905 699 2974 Rt'valty
709 2905 746 2976 os
753 2909 808 2957 two
820 2904 990 2958 centurions.

190 3057 232 3123 44
321 3047 429 3111 Erant
448 3044 483 3109 in
502 3050 542 3109 ee
560 3043 698 3127 legibne
717 3042 894 3107 fortissimi
912 3042 985 3120 viri,
1005 3041 1236 3120 centurienes,
1255 3045 1315 3126 qui

251 3156 318 3221 iarn
340 3159 459 3238 primis
480 3152 659 3218 ordinibus
680 3150 1009 3235 adpropinquarent,
1030 3152 1070 3218 T.
1095 3152 1195 3217 Pullo
1216 3161 1251 3216 et
1272 3151 1313 3216 L.

251 3265 423 3330 Vorenus.
475 3263 524 3327 Hi
548 3268 733 3346 perpetues
757 3261 848 3327 inter
871 3267 907 3326 se
930 3261 1186 3328 contreversies
1210 3261 1313 3326 habe-

192 3383 222 3433 25
250 3374 334 3438 bant
351 3383 429 3438 uter
444 3371 543 3437 alteri
559 3371 797 3449 anteferretur,
814 3370 1045 3454 omnibusque
1061 3377 1159 3436 annis
1176 3371 1218 3436 de
1235 3370 1313 3434 loce

249 3488 393 3546 summis
407 3479 639 3546 simultetibus
653 3479 920 3545 contendebant.
970 3479 1026 3543 Ex
1041 3480 1093 3546 his
1109 3479 1220 3555 Pullo,
1235 3497 1315 3542 cum

250 3588 415 3656 acerrime
436 3589 479 3654 ad
501 3587 714 3653 mimitienes
736 3593 962 3671 pugnaretur,
986 3585 1117 3671 “Quid
1140 3582 1313 3664 dubiteS,''

251 3697 374 3782 inquit,
392 3695 412 3724 “
426 3696 587 3762 Vorene?
604 3705 661 3761 aut
679 3714 784 3779 quem
801 3695 918 3759 locum
935 3703 1015 3768 tuae
1032 3693 1233 3778 probandae
1250 3691 1316 3757 vir-

252 3807 337 3875 tt'1tis
369 3805 572 3892 exspectes?
632 3805 701 3869 Hic
733 3802 806 3868 dies
837 3803 880 3869 de
911 3810 1039 3869 nostris
1070 3799 1316 3870 contreversiis

201 3945 233 3996 ³0
251 3916 452 3984 iudicabit.‘’
503 3917 601 3982 Haec
623 3934 703 3979 cum
723 3910 880 3992 dixisset,
903 3913 1061 3996 procedit
1083 3918 1183 3979 extre
1203 3915 1315 3977 muni·
