3044 4442
252 388 296 472 96
637 390 751 443 BELLl
776 391 936 444 GALLlCl

254 569 349 648 locis,
369 569 545 654 impeditis
564 569 736 648 manibus,
755 575 888 654 magno
907 579 943 634 et
962 575 1061 654 gravi
1081 590 1187 635 onere
1205 573 1320 635 armo-

253 701 332 745 rum
344 685 481 764 pressis,
494 679 595 745 simul
608 689 644 745 et
655 680 699 744 do
712 679 858 745 novibus
870 677 1099 747 dosiliendum
1111 688 1146 742 et
1159 677 1194 742 in
1208 677 1321 742 flucti-

254 790 320 855 bus
344 788 606 856 consistendum
629 800 665 854 et
689 809 770 856 cum
794 787 954 853 hostibus
977 797 1050 852 erat
1074 786 1319 872 pognandum;

255 921 336 965 cum
355 897 404 963 illi
424 907 485 964 aut
508 919 552 964 ex
571 897 671 964 arido
691 908 753 963 aut
775 897 917 982 paulum
939 895 975 961 in
996 917 1124 980 aquam
1144 901 1320 981 progressi

221 1009 416 1086 somnibus
438 1009 603 1074 membris
623 1007 806 1093 expeditis,
828 1006 1018 1073 notissimis
1039 1006 1136 1083 locis
1156 1005 1321 1070 audacter

254 1120 321 1185 tola
338 1118 514 1185 coicerent
531 1127 566 1184 et
584 1123 695 1201 equos
712 1116 924 1183 insuolactos
942 1115 1135 1182 incitarent.
1180 1113 1320 1198 Quibus

254 1229 356 1294 robus
387 1235 497 1294 nostri
528 1227 701 1312 perterriti
732 1236 837 1311 atque
869 1225 973 1291 holus
1005 1230 1150 1290 omnino
1181 1224 1319 1309 generis

254 1343 393 1422 pugnae
417 1338 567 1422 imperiti
591 1343 662 1402 non
686 1336 808 1403 eodem
832 1335 1009 1401 alacritote
1031 1340 1072 1399 oc
1096 1333 1222 1410 studio,
1246 1339 1318 1417 quo

251 1445 286 1511 in
301 1447 518 1531 pedestribus
533 1453 585 1512 riti
599 1445 738 1530 proeliis
754 1451 974 1523 consuorant,
992 1443 1187 1510 otobantur.

416 1670 523 1724 Caesar
533 1686 720 1724 manoeuvres.
761 1668 917 1738 Gallantry
928 1668 992 1740 osa
1004 1668 1153 1721 centurion

679 1759 716 1830 of
722 1758 771 1812 the
788 1756 888 1812 Tenth.

192 1908 234 1976 ²5
322 1890 431 1975 Quod
452 1891 509 1957 ubi
532 1891 660 1958 Caesar
678 1890 933 1968 animadvertit,
954 1894 1059 1955 novos
1079 1888 1213 1972 long-is,
1235 1891 1319 1970 quo-

254 2021 332 2066 rum
357 2011 391 2066 et
417 2001 548 2085 speeios
574 2013 645 2066 erat
672 2000 825 2065 barbaris
850 1998 1049 2065 imisitotior
1073 2007 1108 2063 et
1132 2002 1249 2061 motus
1274 1995 1318 2060 ad

251 2115 354 2175 osum
368 2109 575 2193 expeditior,
590 2109 732 2192 paulum
747 2115 919 2174 removori
933 2110 976 2174 ab
992 2106 1157 2173 onerariis
1173 2104 1319 2171 novibus

251 2227 285 2282 et
302 2224 406 2284 romis
423 2217 558 2282 incitari
575 2227 609 2282 et
625 2218 668 2283 ad
686 2219 775 2282 latus
792 2229 951 2302 apertum
969 2215 1123 2282 hostium
1142 2213 1317 2290 constitui,

252 2338 358 2411 atque
384 2325 463 2391 inde
490 2325 615 2403 lundis,
643 2327 789 2411 sagittis
817 2334 1002 2393 tormentis
1028 2327 1146 2391 hostos
1173 2323 1318 2408 propelli

203 2463 232 2511 15
253 2441 293 2500 oe
312 2435 511 2499 submoveri
528 2433 644 2514 iussit;
669 2458 757 2521 quae
776 2444 830 2502 ros
848 2443 979 2521 magno
999 2441 1076 2500 osui
1095 2442 1224 2500 nostris
1242 2433 1316 2500 luit.

255 2543 346 2608 Nam
368 2554 402 2608 et
423 2544 564 2610 novium
585 2544 697 2631 figora
718 2557 752 2613 et
774 2552 952 2612 romorum
974 2551 1074 2611 motti
1096 2556 1129 2611 et
1152 2543 1318 2609 inositoto

253 2672 381 2736 genere
404 2661 660 2720 tormentorum
685 2662 836 2740 permoti
860 2656 997 2721 barbari
1022 2655 1252 2722 eonstitorunt
1275 2659 1318 2720 oc

251 2760 393 2844 paulum
407 2761 511 2827 etiam
528 2764 653 2847 pedem
669 2766 887 2831 rettulorunt.
927 2765 1045 2851 Atque
1062 2771 1188 2830 nostris
1203 2763 1318 2830 militi-

252 2869 317 2935 bus
340 2871 594 2950 cunctantibuS,
618 2874 771 2940 maximo
794 2888 938 2959 propter
960 2876 1178 2942 altitudinem
1203 2873 1316 2948 maris,

202 3009 234 3046 20
253 2985 313 3062 qui
334 2998 358 3043 x
380 2979 528 3064 legionis
548 2982 698 3066 aquilam
719 2982 860 3061 lerobat
882 2987 1079 3052 obtestotus
1101 2985 1195 3060 deos,
1218 2991 1255 3047 ut
1277 3002 1318 3047 ea

253 3093 306 3152 ros
323 3088 454 3173 legioni
471 3089 613 3156 feliciter
630 3098 797 3158 eveniret:
818 3093 836 3118 “
852 3093 1030 3171 Desilite,”
1049 3093 1171 3177 inquit,
1192 3082 1319 3157 “com-

251 3197 435 3274 militonoS‚
466 3198 530 3263 nisi
558 3200 661 3265 vultis
690 3201 840 3286 aquilam
870 3203 1029 3268 hostibus
1059 3191 1219 3288 prodere}
1248 3218 1317 3285 ego

251 3311 345 3372 certo
376 3327 492 3373 meum
524 3315 573 3374 rei
604 3309 762 3392 poblicae
794 3322 897 3396 atque
930 3312 1132 3396 imperotori
1163 3310 1317 3375 officium

253 3416 490 3499 praestitero.”
543 3417 625 3483 Hoc
651 3439 731 3484 cum
759 3425 844 3485 voce
872 3427 1002 3505 mogno
1028 3420 1182 3491 dixisset,
1210 3426 1245 3484 so
1272 3441 1316 3484 ex

203 3551 232 3600 25
251 3531 331 3590 novi
343 3525 488 3609 proiecit
502 3537 606 3610 atque
619 3527 654 3592 in
667 3526 786 3592 hostos
798 3529 948 3612 aquilam
961 3530 1049 3597 ferre
1063 3529 1188 3612 eoepit.
1225 3527 1317 3592 Tum

253 3642 363 3701 nostri
390 3636 564 3702 cohortoti
590 3636 680 3702 inter
707 3643 753 3714 so,
781 3643 825 3702 no
852 3648 988 3703 tantum
1016 3639 1167 3705 dedecus
1194 3637 1318 3703 admit-

253 3751 394 3822 terotur,
422 3744 573 3811 universi
600 3766 644 3812 ex
671 3751 750 3811 novi
778 3745 1001 3812 dosiluorunt.
1055 3748 1134 3814 Hos
1162 3748 1244 3813 item
1272 3767 1318 3812 ex

252 3855 421 3938 proximis
449 3853 603 3939 [primis]
631 3854 777 3920 navibus
799 3877 879 3920 eum
902 3856 1177 3940 conspexissent,
1200 3857 1319 3922 subse-

252 3970 324 4031 coti
339 3964 498 4032 hostibus
515 3963 892 4048 adpropinquavorunt.
