3000 4456
278 358 300 422 6
668 361 782 414 BELLI
809 362 968 417 GALLICI

174 611 176 614 ¹
280 537 514 604 existimobat.
576 538 718 619 Tamen,
742 551 782 606 ut
805 540 957 624 spatium
980 541 1194 609 intercedere
1216 552 1346 627 posset,

279 648 363 712 dum
393 647 531 726 milites,
562 654 650 733 quos
680 647 920 733 impetiverat,
952 657 1190 729 convenirent,
1221 651 1347 737 legetis

279 755 458 840 respondit
490 756 582 822 diem
613 763 649 823 se
680 757 723 823 ad
755 757 1015 824 deliberandum
1047 764 1284 843 somptr‘rrum:
1317 767 1345 826 si

279 864 362 950 quid
380 859 522 944 ¹vellent,
544 865 586 931 ad
608 847 659 931 id.
682 865 791 951 April.
814 877 1080 933 reverterentur.

357 1030 404 1084 He
414 1035 490 1101 stops
501 1030 581 1085 their
587 1035 725 1103 progress
736 1032 988 1104 bysortificattons
999 1033 1087 1104 along
1099 1032 1147 1087 the
1159 1033 1263 1092 Rhene.

239 1132 261 1198 8
348 1140 485 1207 Interea
501 1149 541 1207 eo
558 1141 705 1228 legione,
725 1163 829 1227 quam
847 1149 966 1209 secum
983 1144 1145 1223 habebat,
1164 1144 1346 1212 mssitibus·

280 1271 356 1334 que,
381 1257 441 1334 qui
464 1272 509 1316 ex
531 1249 710 1335 provincio
734 1257 982 1332 convenerant,
1007 1259 1028 1319 o
1050 1254 1127 1319 laco
1153 1253 1344 1332 Lemanno,

279 1365 338 1443 qui
362 1358 396 1424 in
420 1359 549 1424 flomen
576 1360 789 1426 Rhodanum
812 1359 938 1439 influit,
963 1361 1007 1426 ad
1032 1372 1191 1428 montem
1216 1362 1343 1440 loram,

278 1473 337 1552 qui
359 1468 446 1534 fines
468 1467 712 1552 Sequanorum
734 1468 776 1535 ab
801 1468 974 1536 Helvetiis
997 1471 1130 1550 dividit,
1154 1470 1247 1536 milia
1270 1491 1345 1556 pas·

279 1597 382 1643 suum
410 1596 526 1666 xvrrrr
557 1583 696 1644 morum
723 1577 758 1643 in
787 1578 1008 1646 altitodinem
1037 1579 1167 1664 pedum
1196 1579 1345 1645 sedecim

228 1706 260 1745 ιο
278 1686 476 1770 fossamque
496 1686 665 1770 perdocit.
717 1687 771 1754 Eo
791 1711 896 1773 opere
916 1689 1072 1775 perfecto
1092 1687 1260 1774 praesidia
1279 1688 1346 1780 dis-

278 1795 389 1880 ponit,
421 1797 562 1862 castella
592 1797 799 1877 commonit,
832 1805 903 1883 quo
934 1779 1075 1876 facilius,
1108 1805 1136 1864 si
1167 1804 1203 1865 se
1234 1799 1345 1864 invito

278 1911 424 1971 tronsire
444 1912 664 1986 conserentur,
686 1908 870 1992 prohibere
889 1919 1018 1992 posset.
1201 1888 1205 1902 ’

347 2014 417 2080 Ubi
438 2036 477 2081 ea
497 2015 579 2094 dies,
601 2038 707 2101 quam
727 2017 959 2082 constituerat
980 2038 1060 2081 cum
1080 2016 1215 2100 legetis,
1237 2015 1341 2093 venit,

277 2134 312 2189 et
328 2126 436 2210 legoti
450 2124 492 2190 ad
508 2147 587 2190 eum
601 2133 831 2204 reverterunt,
847 2136 953 2210 negat
971 2131 1006 2189 se
1022 2131 1118 2189 more
1134 2135 1167 2189 et
1183 2124 1344 2209 exemplo

227 2254 257 2306 15
277 2234 398 2317 populi
419 2233 571 2299 Romoni
591 2254 693 2317 posse
712 2233 779 2298 iter
799 2233 859 2297 [dli
879 2253 939 2315 per
958 2231 1172 2315 provinciam
1193 2233 1283 2310 dare,
1306 2242 1340 2298 et

278 2348 305 2406 si
327 2343 398 2406 vim
421 2340 532 2407 iacere
554 2347 736 2416 conentur,
760 2339 1019 2424 prohibitorum
1042 2341 1208 2407 ostendit.
1259 2341 1344 2407 Hel·

276 2450 358 2516 vetii
375 2455 415 2516 eo
430 2457 491 2535 spe
507 2450 643 2528 deiecti,
661 2450 806 2515 navibus
823 2449 950 2514 itinctis
966 2435 1168 2534 ratibusque
1185 2451 1342 2535 complo-

277 2560 371 2627 ribus
396 2562 504 2639 iactis
530 2559 587 2625 alii
610 2560 707 2625 vadis
733 2558 905 2636 Rhodani,
932 2564 1000 2643 quo
1024 2559 1167 2629 minima
1191 2559 1343 2626 altitodo

278 2670 428 2736 fluminis
453 2681 537 2748 erat,
563 2675 634 2734 non
660 2689 851 2752 numquam
876 2667 1036 2747 interdiu,
1062 2669 1197 2753 saepius
1222 2675 1342 2747 nocto,

226 2803 259 2842 20
277 2787 305 2845 si
321 2800 544 2864 perrumpere
560 2789 702 2863 possent
719 2763 846 2854 coniti,
863 2778 978 2862 operis
994 2759 1188 2843 munitione
1205 2788 1239 2842 et
1256 2777 1343 2842 mili-

278 2900 355 2955 tum
377 2894 549 2954 concurso
571 2899 605 2954 et
630 2875 709 2954 telis
729 2887 856 2971 repulsi
877 2887 944 2952 hoc
966 2893 1096 2952 coneto
1118 2885 1342 2953 destiterunt.

329 3055 404 3126 They
415 3072 467 3109 are
478 3053 601 3110 allowed
609 3062 637 3110 to
642 3055 768 3127 proceed
777 3053 903 3125 through
916 3053 964 3107 the
975 3052 1049 3106 land
1057 3053 1092 3123 os
1100 3051 1148 3104 the
1161 3041 1295 3120 Sequani.

236 3171 258 3238 9
347 3165 624 3250 Relinquebatur
642 3171 710 3231 [ma
728 3188 788 3250 per
807 3165 987 3249 Sequanos
1005 3163 1069 3240 via,
1088 3168 1157 3246 quo
1176 3161 1345 3246 Sequanis

278 3275 397 3341 invitis
420 3285 564 3359 propter
585 3273 765 3360 angustiis
786 3281 835 3340 ire
858 3280 927 3339 non
951 3282 1123 3358 poterant,
1173 3270 1240 3335 His
1263 3291 1343 3335 cum

277 3391 339 3451 suo
360 3395 487 3469 sponte
509 3384 714 3468 persuodere
737 3391 808 3450 non
831 3394 982 3468 possent,
1005 3383 1143 3467 legotos
1165 3380 1208 3446 ad
1233 3380 1344 3446 Dum-

225 3505 254 3555 25
277 3502 436 3581 norigem
462 3493 652 3559 Haeduum
675 3493 835 3568 mittunt,
861 3502 899 3557 ut
923 3497 965 3556 eo
990 3491 1215 3574 deprecatore
1239 3496 1260 3556 o
1284 3489 1344 3556 Se-

275 3610 396 3689 quanis
424 3602 663 3688 impetrorent.
726 3600 925 3666 Dumnorix
953 3599 1065 3685 gretia
1094 3610 1128 3666 et
1157 3599 1344 3685 largitione

276 3713 368 3799 apud
400 3712 580 3798 Sequanos
610 3709 798 3795 plorimum
829 3719 967 3794 poterat
998 3719 1033 3775 et
1066 3709 1238 3776 Helvetiis
1268 3719 1342 3776 erat

274 3828 416 3900 amicus
433 3820 528 3906 quod
542 3842 585 3886 ex
599 3825 639 3885 eo
654 3817 797 3884 civitote
813 3817 1038 3904 OrgetorIgis
1053 3818 1159 3885 tiliam
1174 3819 1209 3883 in
1225 3817 1343 3884 metri-

276 3930 435 3997 monium
458 3930 617 4008 doxerat,
643 3938 678 3994 et
703 3926 897 4012 cupiditote
921 3934 1020 4013 regni
1045 3929 1219 3994 adductus
1242 3932 1344 3992 novIs
