3044 4442
544 342 660 395 LIBER
688 343 735 398 IV.
762 343 845 398 CAP.
873 353 948 411 5—9.
1239 347 1278 424 85

212 529 334 588 munos
350 522 521 589 audiebat.
564 505 596 587 Ᾱ
612 521 738 606 quibus
754 543 834 587 cum
852 526 1044 607 paucorum
1061 521 1197 588 dierum
1214 522 1279 589 iter

211 630 358 708 abesset,
379 631 485 715 leguti
505 631 548 696 ab
568 637 619 697 eis
638 636 819 710 vunurunt,
841 636 992 715 quurum
1013 631 1097 697 haec
1118 630 1182 697 fuit
1202 637 1278 698 uru-

211 739 275 805 tiu:
300 738 494 805 Gennunus
517 761 629 824 neque
652 739 784 824 priurus
807 739 939 824 populu
963 740 1127 805 Rumunu
1150 740 1279 806 bellum

208 848 333 915 inferre
347 870 460 934 neque
475 861 593 916 tamen
608 855 776 928 reeusure,
792 856 820 915 si
836 851 1058 928 lacessantur,
1075 857 1159 935 quin
1173 857 1277 918 armis

212 958 435 1036 contendant,
455 959 550 1043 quod
571 958 828 1025 Germunorum
846 959 1064 1025 cunsuutudu
1090 959 1209 1045 [haec]
1234 959 1277 1026 sit
1297 987 1311 1039 ς

213 1067 449 1134 umuiuribus
475 1067 611 1146 tradita,
640 1074 852 1153 quicumque
880 1069 1010 1134 bellum
1037 1069 1196 1147 inierant,
1226 1090 1276 1135 re-

212 1177 331 1242 sistere
354 1197 468 1260 neque
490 1176 677 1261 duprecuri.
727 1177 826 1244 Haec
849 1189 966 1244 tamen
988 1178 1117 1244 dicere:
1142 1178 1278 1246 vunisse

211 1286 349 1365 invitus,
366 1286 496 1351 &iectus
513 1285 636 1365 domu;
661 1292 689 1351 si
706 1308 805 1352 suam
823 1286 971 1372 gratiam
989 1287 1142 1354 Rumimi
1159 1286 1276 1368 velint,

212 1415 313 1478 posse
335 1401 384 1461 eis
407 1394 508 1460 utilus
530 1416 603 1461 esse
625 1401 756 1461 amicus
763 1419 771 1475 ;
797 1397 849 1462 vel
873 1396 936 1462 sibi
959 1402 1064 1481 agrus
1086 1397 1276 1463 attribuant

211 1503 264 1569 vel
288 1503 462 1589 patiantur
484 1508 545 1569 eus
566 1510 684 1570 tenure
707 1511 796 1588 quus
818 1511 922 1570 armis
944 1506 1177 1590 possederim
1202 1513 1277 1574 sisse
1298 1537 1329 1574 ιο

212 1618 290 1677 unis
311 1612 435 1679 Suubis
457 1613 659 1690 concedere,
683 1613 809 1697 quibus
832 1621 875 1680 ne
898 1614 945 1679 dii
969 1614 1110 1698 quidem
1134 1615 1276 1682 immor-

211 1722 295 1787 tulus
310 1728 409 1806 parus
425 1742 499 1788 esse
515 1722 664 1806 possint;
689 1722 860 1806 reliquum
877 1723 1018 1807 quidem
1035 1723 1071 1790 in
1088 1731 1186 1791 terris
1202 1747 1277 1792 esse

210 1830 384 1896 numinem
402 1851 507 1915 quem
522 1837 594 1896 non
610 1837 772 1915 superure
789 1831 933 1916 possint,

472 2039 521 2094 He
532 2039 697 2093 commanus
707 2038 783 2093 them
796 2044 826 2092 to
837 2039 915 2093 leave
928 2039 1013 2096 Gaul.

278 2170 335 2235 Ad
355 2169 439 2236 haec
459 2168 585 2236 Caesar
603 2189 691 2253 quae
711 2175 823 2234 visum
841 2177 893 2234 est
912 2166 1105 2252 respondit;
1125 2167 1185 2234 sed
1204 2159 1276 2234 exi·
1294 2178 1316 2245 8

209 2291 265 2345 tus
286 2279 349 2346 iuit
370 2278 552 2346 uritiunis:
578 2278 650 2345 Sibi
672 2279 802 2344 nullam
823 2298 904 2344 cum
925 2283 974 2343 eis
994 2277 1181 2343 amicitiam
1202 2299 1276 2344 esse
1297 2303 1325 2355 ις

211 2411 323 2474 posse,
344 2396 373 2454 si
393 2389 428 2454 in
450 2388 560 2456 Galliu
579 2395 812 2466 remanurent3
833 2409 946 2472 neque
966 2393 1087 2454 vurum
1108 2408 1193 2466 esse,
1215 2393 1276 2471 qui

210 2506 291 2565 suos
307 2499 394 2565 unus
410 2505 500 2564 tuuri
516 2504 588 2564 nun
604 2497 793 2582 potuerint,
811 2497 941 2563 alifanus
958 2502 1144 2581 occupure;
1162 2517 1275 2581 neque

210 2609 299 2674 ullus
317 2608 353 2674 in
373 2608 483 2676 Galiiu
502 2613 625 2674 vacure
643 2613 747 2692 agtus
767 2612 826 2690 qui
846 2606 919 2672 dari
938 2615 1054 2672 tantae
1073 2606 1275 2691 praesertim

209 2717 425 2784 multitudini
442 2717 515 2783 sine
532 2715 657 2783 iniuriu
673 2715 823 2800 possint;
847 2716 907 2781 sed
925 2714 1037 2794 licure,
1056 2721 1083 2780 si
1101 2715 1220 2794 velint,
1239 2715 1274 2781 in

212 2826 386 2893 Ubiurum
412 2827 539 2893 unibus
563 2826 755 2903 considere,
781 2831 930 2910 quurum
957 2825 1025 2891 sint
1050 2825 1157 2910 leguti
1182 2824 1274 2910 apud
1294 2850 1328 2888 ιο

210 2942 247 3002 su
265 2946 299 3003 et
318 2936 362 3003 du
381 2927 579 3002 Suuburum
599 2935 731 3000 iniuriis
749 2945 939 3019 querantur
957 2946 990 3002 et
1009 2940 1031 3001 u
1050 2941 1088 3001 sei
1106 2935 1275 3002 auxilium

210 3055 329 3130 petant
335 3066 344 3125 ;
369 3046 437 3111 huc
458 3051 494 3111 su
515 3044 616 3111 Ubiis
636 3043 897 3130 imperiturum.

657 3240 732 3312 They
742 3240 831 3312 delay.

279 3369 405 3454 Luguti
422 3369 506 3435 haec
524 3375 560 3436 su
577 3369 620 3435 ad
638 3373 720 3434 suus
737 3368 908 3434 relaturus
925 3368 1090 3435 dixurunt
1108 3378 1143 3436 et
1161 3375 1198 3436 ru
1216 3368 1274 3436 du·
1293 3394 1316 3464 9

212 3478 354 3545 liberutu
382 3489 462 3562 post
489 3477 580 3544 diem
609 3477 750 3543 tertium
777 3477 821 3543 ad
849 3477 1032 3544 Caesarem
1061 3484 1274 3557 reversurus;

209 3585 339 3654 intereu
358 3594 401 3653 nu
420 3587 562 3671 propius
580 3592 616 3652 su
634 3598 745 3652 castra
762 3593 918 3653 movuret
938 3588 1121 3671 petierunt.
1166 3588 1221 3654 Nu
1240 3586 1274 3653 id
1295 3615 1325 3665 ²5

208 3696 350 3780 quidem
362 3697 490 3764 Caesar
501 3696 545 3763 ab
558 3701 595 3762 su
607 3695 784 3780 impetrari
798 3717 899 3780 posse
913 3695 1011 3763 dixit.
1050 3698 1275 3782 Cognuverat

210 3807 301 3872 enirn
323 3813 488 3892 mugnam
511 3817 645 3891 partem
668 3804 843 3890 equitutus
864 3806 907 3872 ab
929 3813 978 3872 eis
998 3806 1131 3890 aliquot
1153 3807 1275 3873 diebus

209 3927 289 3983 ante
311 3915 500 4001 praedandi
521 3915 826 3999 frumentandique
847 3921 951 3982 causu
972 3916 1015 3982 ad
1038 3917 1275 3983 Ambivaritos
