3000 4456
488 310 606 365 cisen
633 310 653 367 1.
682 310 766 366 cnr.
791 309 904 381 36-39
1192 327 1233 394 27

163 491 226 556 bus
247 490 350 556 robus
371 489 498 557 Caesar
518 491 742 556 vehementer
762 494 962 555 commotus
982 489 1230 555 matorandum

163 600 226 665 sibi
240 599 464 676 existimavit,
478 605 532 677 no,
546 605 574 663 si
587 620 678 663 nova
691 619 815 663 manus
829 597 1027 664 Suoborum
1043 618 1122 663 cum
1138 610 1230 666 vete-

162 707 256 773 ribus
271 707 380 791 copiis
396 706 564 773 Ariovisti
580 713 654 772 soso
670 705 920 784 eonionxisset,
936 707 1051 772 minus
1066 706 1163 775 facile
1180 730 1230 775 re-

161 816 237 884 sisti
265 828 396 902 posset.
447 816 571 902 Itaque
600 823 636 882 ro
666 815 891 882 fromentaria
920 838 1026 902 quam
1055 818 1231 886 celerrime

158 924 277 1011 potuit
292 931 496 1012 comparata
509 931 646 1012 magnis
659 924 841 993 itineribus
855 926 898 991 ad
911 925 1132 994 Ariovistum
1146 950 1228 994 con·
1249 945 1263 996 ⁵

159 1033 285 1100 tendit.

375 1156 449 1211 And
456 1156 573 1211 reaches
588 1156 717 1211 Vesontio
728 1145 823 1227 before
834 1157 1009 1211 Ariovistus.

229 1253 320 1320 Cum
350 1254 456 1320 tridui
487 1254 578 1320 viam
609 1253 845 1338 processisset,
878 1254 1081 1320 nontiatum
1112 1266 1164 1322 est
1196 1261 1227 1320 ei
1246 1246 1289 1325 38

158 1362 379 1429 Ariovistum
401 1384 482 1429 cum
505 1369 575 1428 suis
597 1361 761 1428 omnibus
783 1362 893 1447 copiis
916 1363 959 1428 ad
982 1363 1227 1448 occupandum

158 1470 425 1550 Vesontionem,
458 1471 553 1557 quod
585 1482 637 1536 est
670 1471 840 1556 oppidum
872 1471 1065 1538 maximum
1098 1471 1227 1557 Soqua-

159 1587 297 1657 norum,
317 1580 528 1646 contendere
554 1579 746 1664 [triduique
765 1579 856 1645 viam
875 1586 895 1646 a
914 1587 984 1646 suis
1003 1579 1130 1646 finibus
1150 1587 1228 1665 pro-

157 1689 332 1775 cessisse].
384 1689 424 1755 ld
446 1696 489 1755 ne
508 1689 681 1756 accideret
702 1695 916 1775 magnopere
937 1689 1000 1755 sibi
1021 1710 1226 1775 praecaven·
1248 1708 1280 1745 10

159 1800 244 1864 dum
271 1797 399 1864 Caesar
425 1798 659 1865 existimabat.
723 1799 884 1883 Namque
912 1799 1071 1864 omnium
1099 1805 1224 1878 rorum,

158 1929 246 1992 quae
268 1908 311 1974 ad
333 1907 464 1973 bellum
487 1913 565 1974 osui
586 1919 695 1988 erant,
720 1930 855 1974 summa
878 1919 950 1975 erat
972 1907 1007 1973 in
1031 1915 1074 1975 eo
1097 1908 1229 1994 oppido

158 2015 305 2082 facultas
312 2037 320 2093 ;
338 2015 500 2100 idemque
520 2022 645 2083 natora
664 2018 732 2082 loci
751 2023 799 2083 sic
819 2016 1052 2096 muniebatur,
1073 2026 1112 2084 ut
1131 2023 1228 2102 mag-

159 2147 239 2191 nam
258 2125 302 2190 ad
322 2125 521 2191 docendum
541 2125 670 2190 bellum
690 2126 787 2190 daret
809 2124 1024 2204 facultatem,
1046 2131 1228 2210 propterea

158 2235 252 2318 quod
278 2233 408 2299 flamen
434 2233 557 2313 Dubis,
582 2244 622 2300 ut
647 2234 777 2300 circino
801 2233 1091 2313 circumductum,
1117 2255 1225 2320 paene
1247 2256 1276 2306 15

160 2350 275 2409 totum
304 2342 475 2427 oppidum
505 2342 628 2428 cingit;
658 2343 830 2427 reliquum
859 2342 1021 2427 spatium,
1051 2343 1146 2427 quod
1176 2355 1226 2409 est

160 2458 231 2517 non
251 2451 400 2537 amplius
420 2451 551 2538 pedum
571 2471 628 2530 De,
650 2458 719 2537 qua
739 2450 869 2517 flomen
890 2451 1104 2530 intermittit,
1126 2457 1228 2518 mons

157 2561 317 2628 continet
339 2567 469 2647 magna
489 2560 685 2640 altitodine,
707 2561 766 2638 ita,
788 2571 827 2626 ut
850 2561 982 2627 radices
1002 2560 1076 2626 aius
1096 2559 1226 2626 montis

158 2695 203 2738 ex
230 2678 379 2757 utraque
408 2681 507 2756 parte
535 2676 629 2754 ripae
657 2669 808 2736 flominis
837 2669 1058 2755 contingant.
1121 2670 1228 2735 Hunc

159 2788 278 2848 morus
291 2780 530 2847 circumdatus
544 2801 658 2846 arcem
672 2778 778 2844 efficit
793 2789 828 2845 et
843 2800 923 2844 cum
938 2777 1070 2863 oppido
1084 2777 1228 2843 coniun-
1246 2803 1280 2842 πο

160 2891 224 2976 git.
274 2890 358 2957 Hoc
383 2889 511 2957 Caesar
534 2894 672 2974 magnis
697 2893 880 2953 nocturnis
905 2886 1105 2971 diurnisque
1129 2885 1228 2952 itine-

160 2999 253 3067 ribus
281 2999 476 3078 contendit,
506 3003 751 3083 occupatoque
780 2995 913 3081 oppido
940 2994 987 3061 ibi
1016 2993 1227 3081 praesidium

157 3108 330 3175 conlocat.

462 3211 560 3266 Pam‘c
570 3211 607 3284 of
615 3210 664 3265 the
675 3210 786 3264 Roman
799 3208 924 3263 soldiers.

226 3337 322 3403 Dum
340 3343 471 3423 paucos
489 3337 562 3404 dias
579 3338 623 3403 ad
640 3335 897 3405 Vesontionem
916 3341 964 3400 rei
982 3333 1228 3402 frumentariae
1245 3345 1288 3414 39

157 3453 446 3533 commeatusque
469 3453 574 3513 causa
596 3453 764 3524 moratur,
790 3467 835 3512 ex
858 3443 1125 3529 percontatione
1148 3465 1228 3510 nos·
1245 3470 1276 3520 ας

158 3562 294 3622 trorum
317 3555 532 3640 vocibusque
555 3555 736 3622 Gallorum
759 3561 800 3621 ac
823 3559 1070 3632 mercatorum,
1095 3559 1155 3638 qui
1178 3551 1229 3619 in-

157 3671 256 3750 genti
291 3665 535 3752 magnitodine
570 3686 759 3750 corporum
795 3663 1000 3742 Germanos,
1036 3661 1229 3729 incrodibili

157 3772 288 3840 virtote
306 3786 411 3859 atque
429 3773 681 3840 exercitatione
698 3773 733 3838 in
753 3779 857 3838 armis
876 3793 950 3838 esse
968 3771 1226 3856 praedicabant,

158 3919 204 3932 -
228 3891 477 3970 saepenumero
503 3889 578 3950 seso
603 3905 682 3949 cum
708 3883 761 3947 his
787 3888 995 3967 congressos
1021 3888 1064 3948 ne
1090 3882 1228 3948 vultum
