3000 4456
449 303 454 314 '
487 309 605 381 rinae
633 330 652 382 r.
680 329 763 383 cnr.
792 341 903 398 51-53·
1190 345 1231 414 39

155 516 353 587 currerunt,
385 518 424 574 ut
456 505 610 592 spatium
639 509 708 593 pila
737 507 773 573 in
803 509 925 574 hostes
956 506 1125 574 coiciendi
1156 513 1227 572 non

158 620 312 686 daretur.
366 616 520 683 Reiectis
547 616 625 702 pilis
652 617 849 684 comminus
877 615 1002 703 gladiis
1031 621 1231 702 pugnatum

159 740 225 796 est.
273 727 323 793 At
348 726 513 793 Germani
537 726 692 793 celeriter
715 748 760 792 ex
783 725 1038 792 consuetadine
1061 731 1123 792 sua
1146 725 1230 809 pha-

160 840 264 924 lange
289 837 382 903 lacta
406 835 560 921 impetirs
585 835 784 922 gladierum
808 841 1034 920 exceperunt.
1086 835 1230 918 Reperti

158 958 241 1014 sunt
255 946 454 1032 compleres
467 951 580 1011 nostri
593 951 652 1030 qui
665 944 699 1009 in
714 945 887 1031 phalanga
900 942 1068 1010 insilirent
1080 952 1115 1009 et
1130 947 1231 1010 scrita
1248 965 1261 1014 5

160 1055 320 1122 manibus
336 1056 538 1122 revellerent
555 1065 590 1121 et
606 1055 754 1139 desuper
770 1054 1002 1120 vulnerarent.
1044 1051 1135 1118 Cum
1151 1052 1231 1118 hos·

162 1165 252 1231 tiurn
270 1171 361 1231 acies
378 1171 399 1230 a
417 1164 559 1230 sinistro
579 1169 688 1230 cosmi
708 1164 807 1249 pulsa
826 1174 933 1248 atque
952 1162 986 1227 in
1007 1161 1128 1248 fugam
1147 1182 1230 1227 con-

159 1275 249 1340 iecta
277 1285 378 1351 esset,
408 1280 428 1339 a
458 1274 584 1339 dextro
613 1278 723 1340 comir
753 1272 977 1338 vehementer
1007 1269 1230 1337 multitidine

161 1389 306 1449 suorum
329 1393 487 1448 nostram
510 1381 620 1448 aciem
644 1380 857 1466 premebant.
907 1379 948 1447 Id
972 1402 1052 1447 cum
1076 1379 1230 1446 animad-

157 1491 320 1558 vertisset
341 1492 378 1558 P.
399 1490 543 1558 Crassus
561 1492 773 1570 adulescens
793 1498 852 1576 qui
870 1491 1042 1575 equitatui
1059 1502 1227 1576 praeerat,
1249 1517 1280 1554 ιο

160 1601 258 1686 quod
280 1600 480 1686 expeditior
501 1611 575 1667 erat
599 1621 703 1685 quarn
725 1607 765 1679 ei,
790 1606 849 1685 qui
871 1600 963 1666 inter
984 1600 1093 1666 aciem
1117 1607 1230 1667 versa-

160 1711 300 1789 bantur,
332 1709 474 1776 tertiam
504 1709 614 1775 aciem
645 1708 882 1776 laberantibus
913 1715 1044 1776 nostris
1075 1708 1230 1776 subsidia

161 1819 266 1886 misit.

181 2023 322 2094 Cmplete
338 2021 501 2077 overthrow
518 2024 553 2094 os
567 2022 616 2076 the
636 2023 784 2080 Germans.
821 2025 962 2095 Recovcry
978 2025 1014 2097 os
1028 2024 1077 2078 the
1093 2026 1207 2079 Roman

640 2127 748 2182 envoys.

228 2248 284 2312 Ita
311 2246 482 2331 proelium
510 2247 699 2313 resittitum
727 2257 791 2326 est,
820 2259 927 2332 atque
956 2256 1079 2315 omnes
1106 2229 1226 2316 hostes
1244 2265 1287 2334 53

161 2368 263 2443 terga
280 2362 473 2434 verterunt,
494 2377 558 2422 nec
576 2356 671 2441 prius
689 2356 810 2442 lugere
829 2357 1042 2424 destiterunt
1062 2381 1166 2444 quam
1185 2359 1228 2426 ad
1249 2388 1278 2438 ις

162 2466 293 2532 flirmen
317 2465 481 2531 Rhenum
504 2465 598 2531 milia
621 2487 786 2550 passuum
810 2487 854 2531 ex
878 2472 920 2532 ee
943 2468 1023 2533 loce
1046 2467 1183 2534 circiter
1206 2487 1230 2534 v

160 2580 405 2659 pervenerunt.
456 2573 509 2639 Ibi
531 2581 694 2659 perpauci
715 2587 774 2640 aut
796 2575 926 2641 viribus
947 2577 1070 2642 confisi
1091 2584 1229 2645 tranare

163 2684 423 2750 contenderunt
448 2693 509 2750 aut
534 2682 694 2749 lintribus
718 2683 870 2750 inventis
894 2685 958 2750 sibi
984 2686 1130 2752 saltitem
1155 2709 1231 2773 rep-

160 2799 333 2878 pererunt.
385 2793 427 2857 ln
441 2793 494 2858 his
507 2791 572 2858 luit
587 2791 798 2872 Ariovistus
815 2800 874 2878 qui
890 2795 1084 2862 naviculam
1099 2796 1229 2883 deliga-

161 2913 234 2967 tam
252 2903 296 2967 ad
313 2908 423 2986 ripam
440 2913 566 2967 nactus
581 2907 622 2967 ea
640 2901 813 2989 prolagit;
839 2903 989 2990 reliquos
1006 2913 1128 2973 omnes
1146 2913 1229 2974 con·
1248 2938 1281 2978 20

163 3016 275 3077 sectiti
289 3010 425 3095 equites
440 3016 553 3076 nostri
566 3009 827 3078 interfecerunt.

234 3119 334 3185 Duae
352 3119 493 3185 luerunt
511 3119 680 3186 Ariovisti
699 3127 836 3201 uxeres,
856 3129 925 3190 tina
943 3123 1058 3191 Sueba
1077 3125 1230 3205 natione,

161 3250 266 3314 quam
286 3229 395 3295 dome
416 3234 534 3294 secum
555 3228 714 3308 dirxerat,
735 3231 840 3298 altera
862 3232 1001 3312 Narica,
1024 3235 1117 3321 regis
1137 3236 1230 3302 Voc-

162 3338 270 3404 cionis
292 3359 402 3416 soror,
424 3359 529 3423 quarn
551 3339 585 3404 in
608 3339 717 3406 Gallia
739 3340 886 3408 daxerat
908 3349 929 3409 a
949 3343 1052 3410 lratre
1075 3345 1230 3425 missam;

164 3457 313 3531 utraque
330 3447 366 3512 in
384 3453 425 3513 ea
441 3446 525 3534 luga
543 3447 661 3532 periit;
678 3449 766 3515 duae
783 3449 886 3516 filiae:
904 3452 1029 3518 barum
1048 3455 1155 3521 altera
1174 3478 1232 3523 oc·
1250 3490 1280 3540 25

163 3562 241 3635 cisa,
260 3557 368 3623 altera
386 3567 489 3642 capta
507 3569 569 3624 est.

235 3664 273 3732 C.
302 3665 462 3732 Valerius
491 3665 670 3745 Procillus
699 3689 779 3733 cum
806 3674 826 3734 a
852 3670 1059 3738 custodibus
1085 3671 1120 3737 in
1149 3674 1234 3761 luga

165 3780 262 3840 trinis
289 3781 420 3841 catenis
448 3776 585 3841 vinctus
612 3776 816 3855 traheretur,
844 3778 879 3843 in
906 3779 1021 3864 ipsum
1049 3781 1232 3851 Caesarem

331 3991 348 4043 8
