3000 4456
688 347 802 400 BELLI
828 346 987 401 GALLICI

604 555 772 609 Arzbvzitus
784 555 888 625 replr'es
898 554 1062 626 daughtily.

240 681 283 763 36
369 679 427 746 Ad
446 680 531 746 haec
548 681 748 748 Ariovistus
766 680 961 766 respondit:
982 681 1041 746 Ius
1060 703 1133 747 esse
1151 681 1231 747 belli
1250 691 1289 746 ut
1310 687 1369 766 qui

302 788 463 856 vicissent
491 796 539 856 eis
565 796 653 875 ques
679 789 841 856 vicissent
868 790 1041 874 quemad
1068 791 1213 856 modum
1239 791 1366 856 vellent

301 897 526 982 imperarent3
554 899 637 965 item
665 899 835 984 populum
865 899 1065 966 Remanum
1093 898 1195 965 victis
1224 904 1295 965 non
1323 899 1366 965 ad

299 1006 440 1073 alterius
458 1013 719 1092 praescriptum,
738 1009 798 1074 sed
816 1008 860 1074 ad
879 1030 980 1074 suum
998 1007 1180 1073 arbitrium
1199 1007 1367 1092 impertire

266 1125 279 1176 5
299 1122 493 1182 censuesse.
544 1117 581 1182 Si
599 1116 672 1201 ipse
692 1117 824 1201 popule
845 1117 1008 1183 Reman&
1028 1123 1099 1183 nen
1120 1116 1366 1202 praescriberet

299 1246 403 1308 quem
427 1225 470 1290 ad
495 1226 640 1291 modum
665 1231 729 1290 sue
753 1224 826 1292 iure
850 1231 1019 1304 (iteretur,
1045 1231 1117 1290 nen
1141 1231 1306 1310 oportere
1331 1231 1366 1291 se

298 1334 466 1418 epopulo
484 1333 646 1400 Romane
663 1333 698 1398 in
714 1339 778 1399 sue
795 1333 868 1400 itire
884 1333 1052 1418 impediri.

367 1443 537 1508 Haedues
556 1442 629 1520 sibi,
651 1442 817 1527 quoniam
836 1443 916 1508 belli
935 1441 1112 1508 fortirnam
1133 1449 1364 1526 temptassent

298 1561 332 1617 et
349 1557 453 1617 armis
469 1557 647 1637 congressi
663 1558 703 1617 ec
719 1557 873 1636 superati
888 1561 1014 1630 essent,
1033 1551 1276 1636 stipendiarios
1292 1573 1365 1618 esse

249 1679 281 1717 ιο
300 1660 418 1727 factos.
481 1660 651 1744 Magnam
679 1659 861 1726 Caesarem
890 1659 1048 1724 iniirriam
1076 1658 1186 1725 iacere
1213 1667 1273 1744 qui
1300 1665 1363 1725 sue

300 1771 454 1836 adventii
476 1768 659 1855 vectigalia
682 1768 745 1834 sibi
767 1768 941 1835 deteriora
962 1768 1100 1835 iaceret.
1150 1770 1307 1836 Haeduis
1328 1776 1364 1836 se

297 1879 436 1945 obsides
459 1875 678 1944 redditurum
702 1884 773 1943 nen
798 1899 871 1943 esse
895 1899 1007 1962 neque
1031 1877 1083 1944 his
1107 1900 1219 1964 neque
1244 1887 1364 1946 cerum

296 1987 398 2054 sociis
412 1987 535 2053 iniuria]
550 1987 678 2053 bellum
692 1986 894 2065 inlitttirum,
910 1993 938 2051 si
952 1986 986 2051 in
1002 1993 1045 2052 eo
1061 1995 1252 2067 manerent,
1269 1991 1363 2074 quod

297 2097 527 2177 convenisset,
547 2096 829 2182 stipendiumque
849 2101 1038 2179 quotannis
1057 2096 1264 2180 penderent;
1284 2104 1311 2163 si
1330 2097 1362 2163 id
1402 2109 1405 2117 ’

248 2228 276 2278 15
296 2213 367 2274 nen
390 2207 562 2286 iecissent,
586 2208 691 2292 longe
714 2213 761 2272 eis
784 2206 976 2272 fraternum
999 2211 1126 2272 nemen
1150 2208 1270 2292 populi
1294 2207 1364 2273 Ro-

298 2323 391 2384 mini
405 2318 594 2384 {afuturum
634 2316 743 2402 Quod
758 2313 821 2382 sibi
837 2314 964 2382 Caesar
978 2314 1200 2382 denuntiaret
1218 2323 1254 2382 se
1270 2317 1364 2382 Hae-

295 2429 445 2495 duerum
476 2427 617 2493 iniurias
649 2433 719 2492 non
752 2427 1005 2512 neglecturum,
1037 2426 1211 2492 neminem
1244 2433 1360 2492 secum

295 2538 367 2606 sine
389 2546 450 2605 suit
471 2538 622 2623 pernicie
643 2538 872 2605 contendisse.
923 2537 1014 2604 Cum
1037 2539 1150 2616 vellet,
1174 2539 1364 2623 congrede-

296 2656 407 2716 retur:
433 2649 705 2725 intellecturum,
734 2647 816 2732 quid
844 2647 966 2713 invicti
993 2647 1166 2726 Germani,
1195 2648 1365 2714 exercite-

246 2781 278 2818 20
299 2759 420 2826 tissimi
449 2759 483 2825 in
512 2765 625 2838 armis,
656 2763 715 2843 qui
744 2757 836 2824 inter
865 2764 975 2824 annos
1004 2777 1095 2822 xlm
1126 2764 1262 2823 tectum
1292 2763 1364 2822 nen

297 2869 480 2947 subissent,
500 2868 631 2935 virtute
650 2879 801 2952 possent.

564 3039 671 3094 Caesar
683 3038 814 3093 marchas
825 3039 1096 3111 raptiihrsorward,

235 3157 278 3229 37
366 3156 465 3221 Haec
489 3156 613 3220 eedem
638 3165 796 3239 tempore
821 3153 959 3220 Caesari
983 3153 1148 3220 mandata
1173 3152 1366 3219 refereban-

297 3275 363 3344 tur,
381 3275 415 3329 et
432 3265 540 3350 legeti
556 3264 599 3330 ab
617 3265 774 3330 Haeduis
790 3273 825 3330 et
842 3270 862 3331 {a
877 3263 1036 3330 Treveris
1053 3262 1252 3328 veniebant:
1271 3262 1366 3328 Hae-

296 3375 355 3439 dui
386 3383 550 3458 questum
581 3373 676 3458 quod
710 3373 883 3452 Harudes,
917 3379 976 3458 qui
1008 3377 1118 3456 nuper
1148 3371 1183 3437 in
1217 3371 1366 3438 Galliam

245 3499 276 3549 25
296 3488 524 3574 trensporteti
542 3491 668 3560 essent,
688 3482 775 3548 fines
793 3488 913 3548 eorum
933 3480 1200 3565 popularentur;
1225 3487 1300 3547 sese
1318 3487 1365 3547 ne

296 3591 475 3658 obsidibus
498 3591 639 3676 quidem
662 3592 753 3657 datis
775 3598 896 3677 picem
919 3589 1089 3656 Ariovisti
1112 3590 1279 3657 redimere
1303 3612 1368 3676 po-

297 3700 421 3780 tuisse;
450 3699 593 3767 Treveri
620 3710 747 3779 autem,
778 3704 889 3784 peges
919 3709 1063 3764 centum
1094 3697 1290 3764 Sueborum
1320 3697 1367 3763 ad

295 3817 386 3897 ripas
406 3811 520 3877 Rheni
539 3808 746 3887 consedisse,
767 3815 827 3893 qui
848 3809 1011 3873 Rhenum
1033 3814 1178 3875 transire
1198 3815 1368 3875 cenaren-

295 3931 353 3990 tur
360 3942 367 4002 ;
385 3921 438 3988 his
456 3941 612 4010 praeesse
632 3919 787 3986 Nasuam
805 3926 840 3988 et
861 3916 1074 3988 Cimberium
1093 3917 1226 3986 iratres.
1277 3916 1368 4010 Qui-
