3000 4456
672 288 785 340 BELLI
812 287 970 342 GALLICI

556 449 618 548 ¹Wlt
614 511 638 565 y
651 495 758 549 Caesar
769 494 890 564 opposed
899 494 1074 548 Artbvtlrtus.

223 626 267 693 33
354 621 421 686 His
440 622 543 688 rabus
562 619 715 707 cognitis
735 619 863 686 Caesar
883 618 1063 686 Gallarum
1082 619 1220 686 animos
1239 621 1350 686 verbis

284 729 504 795 confirmavit
524 727 770 815 pollicitusque
789 739 842 795 est
863 727 927 794 sibi
945 748 1022 793 eam
1041 749 1114 793 rem
1133 734 1236 794 curae
1255 729 1348 794 lutu-

283 858 371 916 ram;
389 843 555 923 magnam
573 843 610 904 se
628 838 754 905 habare
773 858 871 922 spem
889 847 925 903 et
945 836 1114 903 beneficio
1133 843 1197 903 sub
1217 849 1251 904 et
1270 860 1348 904 auc-

282 945 426 1012 toritate
444 947 635 1011 adductum
653 944 872 1011 Ariovistum
891 944 997 1011 linem
1015 945 1147 1012 iniuriis
1165 945 1347 1013 iacturum.

249 1061 263 1112 5
283 1055 361 1120 Hac
379 1054 539 1121 oratione
556 1054 676 1121 habita
694 1053 881 1120 concilium
899 1054 1040 1121 dimisit.
1091 1055 1138 1122 Et
1158 1057 1348 1123 secundum

283 1185 323 1229 ea
349 1165 480 1230 multae
506 1171 560 1230 res
586 1186 666 1230 eum
692 1164 925 1231 hortabantur
951 1171 1057 1250 quare
1084 1165 1147 1233 sibi
1174 1187 1250 1232 earn
1276 1187 1348 1232 rem

282 1270 509 1358 cogitandam
531 1283 566 1338 et
589 1271 843 1358 suscipiendam
865 1281 1021 1358 putaret:
1043 1273 1078 1339 in
1101 1281 1230 1360 primis,
1253 1275 1348 1360 quod

283 1382 462 1461 Haeduos,
482 1382 605 1448 lratres
623 1382 973 1469 consanguineosque
992 1391 1241 1469 saepenumero
1259 1390 1279 1451 a
1297 1407 1347 1451 se-

284 1495 367 1556 natu
390 1491 592 1575 appellatos
616 1490 651 1556 in
674 1491 843 1558 servitute
865 1503 971 1578 atque
993 1492 1028 1558 in
1051 1492 1187 1559 dicione
1210 1493 1348 1560 videbat

234 1609 266 1648 1⁰
283 1597 537 1665 Germanorum
553 1605 673 1679 teneri,
690 1607 880 1686 eorumque
895 1601 1034 1668 obsidas
1049 1623 1122 1668 esse
1138 1603 1230 1686 apud
1246 1603 1346 1667 Ario-

283 1707 413 1774 vistum
437 1715 477 1775 ac
504 1708 685 1794 chuarros
710 1709 953 1797 intellegabat3
977 1713 1072 1796 quod
1097 1711 1133 1776 in
1159 1718 1261 1777 tanto
1286 1712 1348 1778 im-

282 1817 378 1903 perio
401 1819 521 1903 populi
544 1819 696 1885 Romani
717 1819 955 1905 turpissimum
977 1819 1041 1885 sibi
1063 1831 1097 1886 et
1121 1827 1169 1887 rei
1191 1820 1356 1912 publicae¹

282 1948 356 1993 esse
374 1925 617 1995 arbitrabitur.

351 2034 525 2102 Paulatim
555 2048 673 2103 autem
705 2035 899 2103 Germanos
928 2044 1154 2104 cansuascere
1185 2039 1348 2106 Rhanum

233 2162 262 2212 15
283 2151 429 2211 transire
454 2156 489 2211 et
516 2146 551 2210 in
578 2145 724 2212 Galliam
751 2152 914 2231 magnam
940 2152 1061 2211 ebrum
1089 2146 1348 2214 multitudinem

282 2262 399 2323 venire
429 2255 561 2342 populo
593 2255 756 2321 Romana
786 2257 1019 2340 periculosum
1049 2255 1206 2335 videbam
1237 2279 1349 2342 neque

282 2365 345 2431 sibi
365 2366 523 2432 hominas
543 2365 633 2432 leros
650 2371 691 2432 ac
709 2366 875 2431 barbaros
893 2371 1151 2450 temperaturos
1170 2366 1346 2433 existima-

281 2475 341 2542 bat
362 2483 455 2561 quin,
477 2497 557 2542 cum
577 2496 719 2541 omnem
740 2474 887 2541 Galliam
907 2474 1183 2559 occupavissent,
1206 2486 1245 2542 ut
1266 2486 1348 2542 ante

283 2585 414 2652 Cimbri
444 2584 668 2670 Teutonique
698 2583 870 2663 iecissent,
902 2584 936 2649 in
967 2582 1181 2668 provinciam
1211 2591 1347 2649 exirent

231 2711 264 2750 20
281 2706 385 2779 atque
409 2693 489 2760 inde
513 2694 548 2760 in
574 2678 713 2760 italiam
737 2693 989 2759 contenderent
1022 2689 1242 2773 [praesertim
1268 2711 1347 2755 cum

281 2803 462 2889 Saquanas
477 2810 498 2870 a
512 2802 691 2888 provincia
705 2806 827 2867 nostra
843 2800 1035 2864 Rhodanus
1051 2797 1236 2883 divideret]
1249 2818 1257 2877 ;
1273 2797 1347 2883 qui-

280 2911 345 2978 bus
380 2912 483 2978 rabus
518 2933 622 2996 quam
658 2908 862 2977 maturrime
897 2906 1150 2972 occurrendum
1186 2906 1345 2992 putabat.

280 3022 359 3106 lpse
373 3032 490 3087 autem
505 3018 705 3085 Ariovistus
720 3023 840 3083 tantos
856 3015 918 3081 sibi
934 3013 1085 3099 spiritus,
1102 3025 1239 3082 tantam
1254 3038 1347 3082 arro-

280 3129 434 3215 gantiam
454 3134 658 3211 sumpserat,
678 3137 716 3192 ut
737 3123 898 3191 lerendus
918 3129 989 3188 non
1009 3121 1193 3190 videretur.

377 3287 539 3358 Invt'tedby
552 3287 658 3341 Caesar
670 3291 749 3339 toan
763 3286 921 3346 interwaw,
935 3283 1105 3337 Alrbvistus
1116 3283 1244 3337 declines.

219 3425 263 3492 34
351 3415 467 3501 Quam
489 3414 534 3478 ob
554 3435 626 3478 rem
646 3412 776 3497 placuit
797 3418 827 3477 ei
847 3422 887 3477 ut
908 3413 953 3478 ad
972 3411 1192 3477 Ariovistum
1212 3411 1349 3496 lagatos

279 3523 446 3602 mitteret,
464 3529 524 3608 qui
539 3522 582 3588 ab
598 3528 640 3588 eo
658 3521 887 3607 postularent,
906 3527 959 3586 uti
976 3521 1126 3605 aliquem
1143 3521 1260 3586 locum
1277 3541 1348 3586 me-

281 3633 376 3699 dium
401 3639 583 3717 utriusque
608 3629 797 3716 conloquia
823 3629 1005 3716 deligeret:
1032 3630 1118 3696 velle
1143 3635 1218 3695 sase
1243 3629 1287 3695 da
1311 3635 1356 3721 ra

280 3741 418 3829 publica
437 3754 471 3810 et
492 3747 635 3808 summis
654 3746 836 3824 utriusque
856 3739 958 3806 rabus
978 3761 1058 3805 cum
1078 3745 1120 3805 eo
1140 3759 1254 3824 agere.
1305 3736 1349 3802 Ei

283 3851 452 3949 lagationi
473 3849 672 3916 Ariovistus
694 3847 887 3944 respondit:
911 3846 948 3913 Si
969 3847 1052 3944 quid
1074 3847 1139 3932 ipsi
1159 3853 1180 3913 a
1201 3845 1348 3924 Caesare
