3048 4444
499 307 616 359 LIBER
643 307 693 360 vt.
718 308 802 360 CAP.
826 321 942 372 41-44.
1195 321 1253 384 ιο,“

189 506 276 569 quae
303 487 450 569 quisque
476 493 705 570 conspexerat
735 487 1024 557 incendebantur:
1052 483 1179 568 praeda
1206 504 1253 548 ex

189 595 349 658 omnibus
371 595 456 659 locis
478 597 663 680 agebatur:
686 595 860 660 frumenta
883 600 955 660 nen
977 595 1092 658 seium
1112 597 1134 658 i
1156 597 1252 657 tanti

187 703 405 770 multitudine
423 705 660 770 iumentorum
677 722 782 789 atque
800 703 983 769 hominum
1001 703 1254 768 consumebam

189 822 254 888 tur,
272 813 453 878 sedetiam
470 820 552 878 anni
571 831 730 898 tempore
747 831 853 897 atque
871 811 1041 877 imbribus
1059 811 1253 896 pnicubue-

187 934 272 998 rant,
284 934 333 997 ut,
345 927 373 986 si
386 928 446 1006 qui
456 923 562 987 etiam
575 923 609 986 in
623 923 816 1007 praesentiri
829 928 865 987 se
878 922 1122 991 occultassent,
1135 934 1253 988 tamen
1270 941 1286 993 s

188 1029 240 1094 his
254 1031 405 1096 deducte
419 1033 575 1097 exercitii
593 1039 707 1097 rerum
724 1031 885 1097 omnium
901 1031 1019 1115 inopie
1036 1029 1253 1116 pereundum

188 1139 369 1205 videretur.
419 1125 472 1206 Ᾱε
491 1163 594 1224 saepe
614 1142 649 1206 in
667 1162 749 1207 eum
768 1143 886 1206 locum
906 1155 1051 1206 ventum
1069 1152 1133 1211 est,
1153 1143 1253 1206 tante

188 1247 222 1312 in
236 1255 358 1314 omnes
373 1257 488 1334 partes
503 1251 647 1316 dimisso
662 1251 832 1334 equititu,
848 1263 886 1315 ut
903 1251 1012 1315 modo
1027 1255 1141 1314 risum
1156 1250 1200 1314 ab
1216 1251 1253 1314 se

186 1357 428 1442 Ambiorigem
443 1359 478 1424 in
494 1359 579 1443 fugi
593 1360 898 1444 circumspicerent
914 1364 1054 1443 captiti,
1070 1379 1133 1424 nee
1150 1359 1252 1442 plene

186 1466 289 1531 etiam
307 1469 418 1533 abisse
436 1490 480 1533 ex
498 1473 690 1552 censpeetu
709 1469 977 1544 contenderent;
995 1479 1033 1532 ut
1052 1473 1113 1550 spe
1132 1471 1252 1532 cduse·
1272 1487 1304 1524 ιο

187 1577 313 1658 quendi
327 1577 433 1643 inlata
445 1591 551 1661 atque
563 1579 702 1643 Infinito
716 1580 834 1643 labrire
847 1582 1022 1661 suscepto,
1036 1581 1096 1660 qui
1109 1581 1146 1642 se
1159 1595 1252 1640 suut·

187 1705 278 1750 mam
295 1692 316 1751 zi
334 1686 480 1752 Caesare
498 1687 647 1772 gratiam
665 1687 813 1752 initures
832 1693 1005 1771 punirent,
1025 1705 1134 1770 paene
1153 1689 1253 1750 nitit-

187 1815 258 1859 ram
280 1796 396 1860 studie
419 1796 596 1862 vincerent
619 1818 825 1880 semperque
849 1796 990 1880 paulum
1013 1795 1056 1860 ad
1079 1813 1253 1860 summanr

186 1903 382 1970 felicitatem
397 1905 547 1971 defuisse
564 1906 749 1979 videretur,
765 1918 870 1989 atque
886 1905 940 1970 ille
957 1905 1095 1972 latebris
1111 1915 1169 1970 aut
1187 1903 1250 1968 sal-

186 2013 278 2078 tibus
291 2021 327 2080 se
341 2015 503 2098 eriperet;
518 2027 552 2080 et
568 2021 676 2080 nocui
691 2016 886 2080 occultatus
900 2015 983 2080 alias
999 2013 1160 2098 regiones
1176 2032 1251 2096 par·
1273 2033 1301 2082 rs

185 2128 305 2207 tesque
318 2136 451 2208 peteret
466 2131 537 2189 nen
552 2125 683 2190 maiore
698 2124 855 2208 equitum
870 2122 1042 2207 praesidis)
1056 2143 1160 2205 quatu
1178 2139 1252 2198 1111,

185 2231 310 2316 quibus
329 2234 411 2299 selis
429 2239 536 2299 vitam
555 2255 653 2299 suam
674 2233 893 2298 committere
912 2232 1071 2297 audebat.

270 2427 299 2481 A
317 2427 435 2481 counct’l.
472 2427 633 2482 Executr'on
652 2428 689 2500 ff
702 2428 784 2481 Acco.
823 2428 931 2481 Caesar
941 2442 1011 2497 goes
1028 2431 1057 2480 to
1074 2425 1159 2496 Italy.

251 2555 326 2622 Teii
341 2557 449 2621 mode
464 2562 607 2622 vestitis
621 2557 823 2642 regionibus
837 2555 1030 2621 exereitum
1046 2553 1172 2620 Caesar
1187 2553 1248 2616 du·
1268 2557 1311 2626 44

185 2671 282 2731 irum
304 2667 502 2731 cohortium
523 2667 652 2732 dammi
675 2667 956 2731 Durocortorum
981 2664 1171 2728 Remorum
1193 2662 1250 2726 de-

184 2773 292 2852 ducit,
308 2775 525 2861 concilietque
538 2775 574 2840 in
588 2797 668 2841 eum
683 2775 800 2840 locum
816 2773 946 2839 Galliae
961 2771 1095 2837 indicte
1109 2771 1152 2836 de
1167 2791 1249 2835 cou-
1270 2791 1302 2828 πο

184 2883 356 2950 iuretione
379 2883 557 2950 Senonum
579 2896 614 2951 et
639 2883 836 2950 Carnutum
858 2881 1101 2966 quaestionem
1124 2878 1249 2944 habere

184 2993 348 3070 instituit3
365 3007 398 3059 et
414 2995 458 3061 de
474 2995 629 3071 Accone,
646 2999 705 3077 qui
724 2998 883 3076 princeps
900 2989 974 3055 eius
991 2987 1112 3054 consili
1130 2986 1251 3060 iuerat.

186 3101 345 3184 graviere
365 3105 535 3170 sententie
556 3102 791 3188 prenuntiete‚
812 3106 909 3165 more
931 3097 1103 3163 meierum
1125 3093 1252 3180 suppli-

186 3208 278 3275 cium
295 3211 451 3294 sumpsit.
503 3213 584 3277 Non
603 3210 688 3275 milli
707 3209 872 3274 iudicium
892 3205 990 3272 veriti
1010 3204 1250 3290 profugerunt.

187 3317 424 3403 Quibuscum
444 3328 534 3405 aque
553 3332 657 3405 atque
677 3325 751 3406 igni
773 3315 1018 3392 interdixisset,
1038 3315 1125 3379 (luis
1145 3311 1252 3396 legio·
1271 3339 1300 3388 ας

186 3433 247 3494 nes
263 3429 305 3494 ad
324 3429 410 3495 fines
427 3430 672 3508 Trevererum,
690 3430 777 3495 duas
794 3427 827 3491 in
849 3423 1079 3508 Lingonibus,
1099 3443 1160 3487 sex
1178 3419 1252 3486 reti-

185 3543 272 3620 ques
287 3537 321 3602 in
338 3538 518 3606 Senonum
535 3539 663 3604 finibus
680 3537 854 3622 Agedinci
870 3535 904 3598 in
922 3533 1073 3598 hibernis
1091 3531 1251 3596 conlucis-

186 3645 246 3722 vit‚
273 3647 518 3732 frumentoque
545 3647 713 3714 exercitui
741 3649 892 3729 provise,
921 3653 957 3707 ut
984 3638 1191 3714 instituerat,
1218 3635 1253 3702 in

188 3738 322 3822 italiam
339 3757 382 3822 ad
399 3763 593 3823 conventus
609 3753 765 3840 agendos
783 3751 959 3838 proiectus
977 3758 1038 3814 est.

348 3948 379 4000 ld
