3044 4442
541 335 659 389 crana
686 336 736 390 111.
763 337 846 390 car.
871 347 949 402 4-7·
1238 338 1278 420 65

778 441 785 470 i

210 515 361 593 virtutis,
383 514 427 580 ad
450 515 596 582 Galbam
618 525 804 581 accurrunt
826 525 930 601 atque
953 522 1058 582 unam
1082 537 1156 582 esse
1180 535 1278 601 spem

210 623 331 691 salutis
354 624 493 702 docent,
517 629 546 689 si
568 625 751 708 eruptione
774 624 864 691 lacta
887 631 1085 692 extremum
1109 625 1277 694 auxilium

208 739 460 817 experirentur.
514 733 639 818 Itaque
667 739 872 800 convocetis
900 734 1164 800 centurienibus
1192 736 1278 801 cele-

208 842 294 908 riter
326 841 455 908 milites
487 842 651 909 certiores
684 842 766 909 lacit
801 842 974 928 paulisper
1006 843 1277 912 intermitterent

208 951 381 1038 proelium
399 959 440 1019 ec
461 953 713 1019 tantummodo
734 953 805 1019 tela
825 953 928 1019 missa
949 952 1151 1037 exciperent
1172 961 1310 1040 seques

208 1084 253 1129 ex
267 1062 385 1127 labore
399 1061 596 1141 reficerent;
610 1073 692 1146 post
708 1064 794 1129 dato
807 1068 910 1148 signo
924 1084 969 1128 ex
983 1069 1106 1129 castris
1120 1069 1277 1150 erumpe·

209 1180 298 1248 rent,
316 1181 423 1255 atque
440 1192 582 1236 omnem
599 1192 696 1255 spem
713 1171 834 1237 salutis
851 1171 886 1236 in
903 1170 1035 1239 virtute
1051 1178 1230 1257 ponerent.

244 1359 334 1414 Galba
339 1359 447 1429 finally
458 1359 568 1432 defeats
580 1358 628 1412 the
638 1375 735 1430 enemy
746 1359 820 1413 wr‘th
827 1365 918 1430 great
929 1360 990 1422 loss,
1003 1361 1053 1414 but
1064 1362 1091 1415 is
1102 1360 1214 1431 oblzgred
1222 1366 1251 1415 to

531 1447 691 1501 wr'lhdraw
703 1453 731 1500 to
743 1447 792 1500 the
803 1447 954 1501 Province.

280 1561 387 1645 Quod
409 1561 492 1626 iussi
514 1573 603 1639 sunt,
627 1560 758 1627 iaciunt
780 1568 820 1628 ec
842 1562 960 1628 subito
981 1562 1144 1628 omnibus
1167 1565 1317 1646 port1s6

209 1670 393 1754 eruptione
416 1670 505 1736 lacte
529 1691 642 1754 neque
665 1671 913 1755 cognescendi,
937 1671 1020 1755 qnid
1045 1670 1140 1736 lieret
1164 1691 1278 1755 neque

209 1785 263 1844 sui
295 1777 483 1863 colligendi
516 1779 677 1844 hostibus
711 1778 915 1845 lacultetem
950 1779 1160 1864 relinquunt.
1221 1781 1276 1846 Ita
1298 1804 1329 1841 ιο

209 1893 430 1954 commutetis
462 1887 603 1954 fortune
636 1895 697 1954 eos
730 1895 788 1973 qui
821 1888 856 1953 in
890 1909 988 1973 spem
1021 1888 1276 1973 potiundorum

207 2003 404 2063 castrerum
421 2003 587 2064 venerant
605 1997 759 2082 undique
775 1997 1033 2064 circumventos
1048 1996 1276 2076 interficiunt;

207 2116 243 2171 et
264 2128 307 2172 ex
327 2107 510 2172 hominum
531 2108 669 2173 milibus
689 2107 836 2192 amplius
857 2127 947 2186 xxx,
969 2128 1071 2192 quem
1092 2127 1276 2173 numerum

207 2215 435 2282 barbarorum
463 2217 507 2283 ad
535 2228 648 2284 castra
677 2216 812 2283 venisse
840 2217 1035 2294 constebat,
1065 2215 1143 2301 plus
1172 2214 1276 2282 tertie

208 2337 307 2410 parte
327 2325 512 2393 interfecti
530 2327 681 2412 reliquos
700 2327 905 2411 perterritbs
925 2327 960 2393 in
980 2325 1101 2412 lugam
1121 2324 1274 2391 coiciunt
1297 2350 1326 2400 ¹5

207 2442 248 2502 ec
262 2442 306 2502 ne
320 2435 354 2502 in
369 2438 455 2502 locis
469 2435 611 2522 quidem
627 2436 861 2521 supericiribus
877 2435 1065 2502 consistere
1081 2433 1274 2519 patiuntur.

209 2546 268 2613 Sic
292 2546 456 2612 omnibus
480 2546 635 2612 hostium
660 2546 769 2630 copiis
794 2546 878 2611 lusis
902 2551 1075 2629 armisque
1100 2549 1215 2610 exutis
1240 2549 1278 2608 se

210 2653 300 2720 intra
328 2654 540 2720 munitiones
568 2661 648 2720 sues
676 2652 857 2737 recipiunt.
911 2653 995 2737 Qui)
1023 2651 1156 2737 proelio
1185 2651 1277 2718 lacte

210 2765 305 2850 quod
328 2766 464 2850 saepius
485 2765 661 2832 lortimam
683 2770 854 2848 temptere
878 2763 987 2830 Galba
1009 2764 1149 2829 nolebat
1171 2773 1276 2846 atque

208 2874 276 2939 alio
307 2881 343 2940 se
373 2874 407 2940 in
439 2874 583 2942 hiberna
613 2873 759 2940 censilic')
789 2873 923 2939 venisse
954 2871 1171 2950 meminerat,
1203 2870 1277 2937 aliis
1296 2898 1328 2937 πο

212 2984 401 3050 occurrisse
428 2985 531 3050 rebus
558 2985 701 3062 viderat,
730 2983 884 3050 mexime
910 2981 1075 3049 lrrimenti
1101 2987 1276 3047 commee-

209 3098 335 3177 trisque
355 3092 473 3177 inopie
491 3100 673 3178 permetus
693 3098 837 3178 postero
858 3091 914 3158 die
933 3090 1096 3158 omnibus
1116 3090 1190 3156 eius
1210 3096 1277 3157 vici

209 3202 372 3269 aedificiis
396 3202 545 3269 incensis
567 3203 601 3267 in
626 3201 841 3288 provinciam
865 3207 992 3267 reverti
1017 3198 1210 3278 contendit,
1236 3205 1276 3265 ec

210 3313 306 3379 millo
325 3312 426 3378 hoste
447 3312 653 3397 prohibente
673 3323 732 3378 aut
753 3312 819 3377 iter
839 3311 1043 3376 demorante
1064 3309 1275 3375 incolumem

210 3419 384 3506 legienem
410 3420 445 3486 in
472 3422 680 3500 NantueteS,
706 3421 787 3486 inde
812 3419 846 3485 in
871 3419 1084 3505 Allobroges
1110 3417 1275 3503 perduxit
1295 3448 1327 3501 ²5

207 3529 324 3616 ibique
344 3531 520 3597 hiemevit.

403 3703 574 3773 Operatrbns
586 3719 621 3757 on
634 3701 681 3756 the
693 3700 851 3756 northwest
861 3706 940 3756 coast
950 3701 986 3773 of
996 3698 1079 3757 Gaul.

281 3813 349 3879 His
376 3812 479 3879 rebus
504 3819 611 3898 gestis
639 3833 720 3878 cum
748 3811 911 3877 omnibus
938 3811 981 3876 de
1009 3815 1120 3876 causis
1149 3807 1316 3892 Caesar7

207 3927 369 4007 picatam
402 3920 549 3987 Galliam
579 3920 796 3988 existimeret
834 3920 1023 4005 [superetis
1057 3919 1185 4005 Belgis,
1217 3940 1276 3984 ex·
