3000 4456
629 339 741 391 BELLI
768 339 925 393 GALLICI

314 561 415 613 Fierce
426 562 524 614 attack
536 563 571 633 of
579 563 627 616 the
638 563 751 616 Nervii
759 565 823 618 and
830 567 979 636 confusion
992 568 1028 639 os
1035 567 1083 621 the
1094 568 1228 622 Romans.

179 694 219 759 19
306 685 433 752 Caesar
453 686 611 771 equitatui
633 689 822 773 praemisso
844 691 1121 777 subsequebatur
1140 696 1303 763 omnibus

236 795 346 881 copiis
353 817 360 874 ;
380 797 438 862 sed
459 797 549 863 ratio
569 798 727 884 erdoque
747 799 896 886 agminis
915 802 1015 869 aliter
1035 809 1071 869 se
1091 804 1241 870 habebat
1261 812 1302 872 ec

239 905 367 990 Belgae
393 908 436 973 ad
463 907 612 1000 Nervios
639 910 849 976 detulerant.
902 912 994 977 Nam
1019 912 1114 997 quod
1140 913 1301 980 hostibus

235 1013 550 1100 adpropinquabat,
574 1017 829 1085 consuetudine
852 1026 913 1085 sue
936 1019 1063 1086 Caesar
1084 1040 1123 1086 vr
1146 1021 1301 1108 legiones

202 1149 214 1198 5
236 1124 418 1207 expedites
443 1125 608 1205 ducebat;
633 1139 714 1213 post
740 1134 798 1194 ees
822 1135 932 1194 totius
957 1128 1132 1196 exercitus
1156 1130 1300 1215 impedi-

236 1243 356 1298 menta
380 1235 581 1302 conlocatas
590 1259 598 1315 ;
623 1237 703 1303 inde
729 1237 818 1304 duae
844 1237 999 1323 legiones
1025 1260 1113 1324 quae
1140 1239 1300 1324 proxime

235 1348 451 1429 conscriptae
486 1355 583 1412 erant
619 1353 736 1413 totum
769 1368 897 1433 agmen
931 1349 1138 1414 claudebant
1175 1348 1299 1434 praesi-

233 1452 361 1537 dioque
376 1455 634 1538 impedimentis
650 1467 755 1522 erant.
807 1453 951 1540 Equites
968 1463 1077 1522 nostri
1093 1479 1172 1523 cum
1189 1457 1299 1522 fundi-

234 1561 369 1628 toribus
388 1557 648 1649 sagittariisque
668 1564 795 1630 flumen
817 1573 1023 1651 transgressi
1043 1589 1122 1633 cum
1142 1567 1298 1633 hostium

234 1783 313 1847 dem
334 1782 368 1846 in
389 1782 491 1849 siivas
511 1784 554 1849 ad
577 1791 658 1850 suos
679 1784 870 1868 reciperent
892 1791 932 1851 ec
954 1791 1071 1850 rursus
1092 1807 1136 1850 ex
1159 1784 1243 1850 silva
1263 1785 1297 1850 in

232 1898 373 1957 nostros
391 1891 562 1978 impetum
583 1893 745 1972 iacerent,
767 1915 878 1979 neque
899 1901 1012 1960 nostri
1033 1894 1173 1981 longius
1194 1916 1297 1979 quam

233 2022 337 2086 quem
362 2003 406 2067 ad
431 2003 536 2068 finem
562 2013 723 2087 porrecta
749 2005 825 2069 loca
850 2015 969 2088 aperta
994 2003 1216 2087 pertinebant
1243 2011 1298 2070 ce-

232 2113 353 2178 dentes
373 2118 508 2197 insequi
528 2113 707 2190 auderent,
728 2113 864 2178 interim
886 2112 1041 2198 legiones
1062 2131 1101 2178 v1
1123 2135 1210 2197 quae
1231 2119 1298 2197 pri-

184 2247 211 2297 15
231 2243 308 2288 mae
326 2228 491 2289 venerant
510 2245 616 2308 opere
635 2224 793 2290 dimenso
813 2235 924 2290 castra
942 2230 1077 2291 munire
1097 2231 1296 2309 coeperunt.

301 2333 371 2400 Ubi
391 2341 501 2418 prima
520 2334 768 2419 impedimenta
786 2341 896 2400 nostri
916 2334 1089 2400 exercitus
1108 2337 1151 2402 ab
1171 2343 1219 2401 eis
1238 2341 1297 2419 qui

231 2442 265 2507 in
288 2443 380 2509 silvis
403 2443 514 2510 abditi
537 2444 691 2511 latebant
715 2451 787 2509 visa
810 2455 902 2524 sunt,
927 2445 1022 2530 quod
1046 2458 1184 2531 tempus
1206 2447 1297 2511 inter

231 2558 291 2618 eris
304 2553 547 2619 committendi
560 2554 669 2638 proeli
682 2559 902 2632 convenerat,
918 2565 956 2620 ut
970 2554 1060 2620 intre
1073 2555 1173 2620 silves
1187 2553 1296 2620 aciem

233 2663 442 2750 rirdinesque
468 2665 719 2729 crinstituerant
746 2675 850 2748 atque
877 2664 941 2747 ipsi
966 2670 1041 2728 sese
1068 2664 1294 2727 confirmave-

180 2801 212 2836 20
232 2785 318 2852 rant,
335 2774 451 2840 subito
467 2774 628 2839 omnibus
645 2773 753 2857 copiis
769 2774 1040 2857 provoleverunt
1056 2772 1294 2856 impetumque

231 2883 265 2947 in
286 2889 427 2948 nostres
448 2881 584 2966 equites
605 2881 770 2947 fecerunt.
819 2883 886 2946 His
907 2879 1004 2946 facile
1027 2881 1132 2964 pulsis
1154 2887 1193 2945 ec
1217 2887 1293 2964 pro-

230 2992 388 3070 turbatis,
406 2989 597 3057 incredibili
613 2990 788 3056 celeritate
804 2991 846 3056 ad
864 2990 992 3054 flumen
1011 2990 1292 3065 decucurrerunt,

233 3114 271 3167 ut
294 3123 403 3185 paene
427 3107 498 3165 une
523 3112 680 3183 tempore
704 3111 738 3167 et
761 3100 802 3165 ad
828 3100 929 3192 siivas
953 3110 986 3165 et
1011 3098 1045 3163 in
1071 3097 1212 3163 flumine
1242 3098 1292 3180 [et

229 3209 356 3274 iamin
385 3208 544 3274 manibus
571 3209 717 3294 nostris]
751 3209 871 3274 hostes
899 3207 1109 3274 viderentur.
1163 3208 1294 3272 Eadem

179 3347 208 3396 25
229 3329 347 3383 autem
369 3318 547 3384 celeritete
568 3319 715 3385 adverso
737 3319 824 3384 colle
846 3319 890 3384 ad
912 3329 1033 3384 nostra
1056 3327 1167 3384 castra
1188 3327 1295 3400 atque

229 3433 298 3504 eris,
314 3432 372 3511 qui
385 3425 421 3492 in
437 3449 541 3512 opere
556 3434 720 3513 occupeti
735 3439 833 3494 erant
850 3428 1116 3493 contenderunt.

455 3599 619 3670 Disciplina
630 3600 666 3671 of
674 3598 722 3653 the
734 3600 861 3652 Romans
873 3601 905 3651 in
918 3597 966 3652 the
977 3599 1069 3652 crisis.

167 3728 210 3779 20
298 3707 436 3774 Caesari
452 3710 570 3775 omnia
586 3717 657 3775 tino
674 3720 833 3794 tempore
848 3718 946 3775 erant
963 3709 1114 3792 agenda:
1130 3707 1295 3772 vexillum

230 3819 507 3903 preponendum
537 3819 649 3903 [quod
673 3829 745 3884 erat
768 3825 904 3903 insigne
927 3818 1073 3883 eumad
1096 3838 1190 3883 arma
1214 3837 1295 3882 con-

229 3935 319 3994 curri
335 3918 546 4012 oporteret,]
570 3935 709 4014 signum
728 3928 814 3994 tubi
831 3928 996 4006 dandum,
1014 3927 1058 3992 ab
1077 3947 1181 4010 opere
1198 3945 1295 3989 revo-
