3044 4442
529 361 646 413 nsare
672 361 705 414 ν.
732 361 816 414 cna.
845 359 955 428 16—19.
1219 372 1275 438 115

210 539 275 617 die,
303 559 383 605 curn
413 538 539 605 Caesar
565 539 752 624 pabulandi
780 544 884 604 causa
912 556 958 602 111
987 536 1143 622 legienes
1171 545 1276 620 atque

210 670 352 715 omnem
378 649 573 733 equitetum
598 671 679 714 cum
705 648 742 715 C.
769 648 947 713 Trebenie
972 647 1090 731 legati>
1117 644 1276 722 misisset,

206 769 347 842 repente
365 780 410 824 ex
429 759 592 825 omnibus
611 759 768 844 partibus
787 759 830 825 ad
849 757 1072 844 pabuletcires
1091 756 1275 822 advoleve·

210 879 300 941 runt,
325 871 373 930 sic
398 871 449 930 uti
473 866 516 931 ab
541 871 649 950 signis
673 864 939 950 legienibusque
964 868 1035 928 nen
1059 861 1274 928 absisterent.

210 973 332 1039 Nostri
355 973 479 1040 acriter
501 974 536 1038 in
560 979 620 1040 eds
643 973 776 1058 impetu
798 972 890 1039 lacte
913 970 1138 1056 reppulerunt
1163 990 1275 1053 neque
1294 995 1308 1044 5

208 1083 313 1148 linem
329 1082 496 1168 sequendi
510 1082 676 1160 fecerunt,
692 1082 808 1167 quoad
823 1081 978 1147 subsidii)
994 1079 1116 1146 cenlisi
1131 1078 1275 1163 equites,

209 1213 289 1258 cum
310 1203 389 1276 post
409 1197 445 1257 se
466 1192 622 1276 legienes
643 1191 810 1268 viderent,
831 1189 1036 1275 praecipites
1057 1188 1175 1254 hostes
1195 1193 1277 1272 ege-

210 1311 300 1378 runt,
327 1307 528 1385 magnoque
555 1307 678 1366 ebrum
703 1305 850 1365 numeri)
876 1299 1059 1365 interfecte
1085 1319 1199 1382 neque
1223 1303 1276 1362 sui

208 1409 396 1494 colligendi
420 1430 532 1492 neque
557 1408 770 1474 censistcndi
793 1418 852 1474 aut
877 1430 921 1473 ex
945 1406 1073 1473 essedis
1097 1405 1276 1472 desiliendi

208 1518 407 1585 facultatem
421 1518 602 1585 dederunt.
653 1519 709 1583 Ex
723 1518 787 1583 hac
801 1516 886 1601 fuga
900 1516 1060 1600 pretinus
1074 1537 1161 1600 quae
1177 1514 1275 1580 undi-
1295 1544 1327 1580 ιο

209 1649 276 1712 que
303 1634 538 1693 convenerant
565 1626 693 1693 auxilia
720 1625 966 1703 discesserunt;
994 1645 1106 1708 neque
1134 1634 1214 1708 post
1241 1623 1275 1688 id

209 1747 346 1820 tempus
368 1756 533 1820 umquam
555 1741 699 1801 summis
720 1735 902 1800 nebiscum
924 1732 1033 1818 cepiis
1055 1732 1173 1818 hostes
1193 1754 1276 1799 con-

208 1845 405 1912 tenderunt.

533 1933 639 1987 Caesar
649 1947 753 1986 crosses
764 1931 812 1985 the
827 1930 855 1983 Τ
849 1929 955 1984 hames.

277 2041 404 2108 Caesar
421 2041 566 2127 cegnite
585 2041 729 2107 censilie
748 2047 870 2106 cerum
888 2040 930 2105 ad
950 2039 1080 2106 flumen
1099 2038 1275 2105 Tamesim
1294 2039 1334 2104 18

209 2152 243 2217 in
269 2151 357 2217 lines
383 2151 631 2218 Cassivellauni
658 2149 851 2216 exercitum
878 2149 994 2228 duxit;
1021 2148 1116 2233 quod
1144 2148 1274 2213 flumen

209 2267 280 2326 und
307 2267 452 2326 omnine
480 2261 558 2326 loce
585 2259 742 2345 pedibus,
770 2268 874 2343 atque
901 2258 968 2324 hec
995 2264 1110 2343 aegre,
1138 2263 1275 2323 transiri
1296 2286 1324 2337 ις

207 2380 334 2455 potest.
385 2371 439 2436 Ee
456 2390 536 2436 cum
553 2369 713 2446 venisset,
731 2368 973 2435 animadvertit
991 2367 1033 2434 ad
1052 2367 1194 2434 alteram
1213 2366 1275 2432 flir-

209 2479 321 2566 minis,
339 2484 449 2562 ripam
477 2484 623 2562 magnas
650 2497 723 2543 esse
752 2477 869 2561 ccipias
897 2476 1051 2542 hostium
1078 2482 1274 2543 instructis,

210 2589 300 2673 Ripa
326 2598 442 2654 autem
469 2597 541 2652 erat
567 2592 677 2652 acutis
703 2585 846 2651 sudibus
872 2584 1104 2670 praefixisque
1131 2591 1275 2663 munita,

205 2697 431 2782 eiusdemque
448 2696 584 2782 generis
601 2696 665 2763 sub
682 2702 773 2780 aqua
790 2695 926 2761 delixae
944 2696 1047 2761 sudes
1064 2694 1206 2760 flumine
1225 2706 1275 2759 te·
1361 2688 1364 2694 ’

209 2806 391 2891 gebantur.
442 2805 509 2870 His
534 2805 637 2870 rebus
662 2804 813 2889 cegnitis
837 2811 857 2870 e
882 2809 1026 2887 captivis
1051 2802 1274 2888 perfugisque
1294 2836 1327 2873 20

210 2914 335 2982 Caesar
353 2914 542 2999 praemissi)
561 2913 718 2997 equitatu
736 2912 919 2978 cenfestim
938 2911 1094 2997 legienes
1112 2913 1294 2995 subsequi·

209 3022 316 3090 iussit.
367 3023 435 3090 Sed
450 3029 490 3088 ea
502 3022 677 3088 celeritate
690 3032 794 3105 atque
808 3028 850 3087 εό
865 3022 997 3106 impetu
1012 3022 1137 3086 milites
1152 3021 1276 3098 ierunt,

210 3153 290 3198 cum
309 3131 421 3217 capite
439 3132 515 3197 sele
534 3153 578 3196 ex
596 3137 686 3214 aqua
704 3136 893 3207 exstarent,
913 3140 951 3194 ut
970 3130 1088 3196 hostes
1107 3130 1276 3214 impetum

209 3241 389 3326 legienum
412 3251 515 3324 atque
538 3239 696 3323 equitum
719 3238 887 3304 sustinere
910 3244 982 3303 nen
1006 3248 1148 3323 possent
1170 3245 1276 3323 ripas-

209 3372 277 3435 que
294 3350 510 3416 dimitterent
527 3355 566 3414 ac
584 3355 620 3415 se
638 3347 741 3433 fugae
760 3347 974 3414 mandarent.
1295 3385 1326 3434 25

315 3495 537 3551 Cassiuelaunus
548 3494 650 3549 aviariis
661 3511 681 3547 a
693 3493 787 3556 battle,
799 3493 849 3548 but
861 3509 968 3564 annoys
979 3492 1028 3547 the
1039 3493 1173 3548 Romans.

278 3606 565 3682 Cassivellaunus,
583 3615 621 3670 ut
639 3611 742 3688 supra
759 3603 1085 3681 demonstravimus,
1103 3608 1200 3669 omni
1218 3603 1276 3669 de·
1296 3628 1337 3694 19

209 3715 323 3800 posita
354 3721 416 3798 spe
449 3713 684 3780 contentienis
716 3712 866 3777 dimissis
898 3711 1124 3796 amplieribus
1156 3711 1276 3795 cepiis,

209 3824 348 3890 milibus
367 3823 503 3890 circiter
521 3842 584 3887 1111
604 3821 855 3887 essedarinrum
875 3821 1001 3886 relictis
1019 3820 1140 3887 itinera
1159 3830 1278 3887 nostra

211 3934 384 4012 servabat;
406 3931 618 4018 paulumque
638 3952 683 3996 ex
705 3930 760 3996 viai
781 3929 974 3995 excedebat
995 3930 1148 4015 locisque
1170 3930 1278 4016 impe-
