<?xml version="1.0" encoding="UTF-8"?>
<!DOCTYPE html PUBLIC "-//W3C//DTD XHTML 1.0 Transitional//EN"
    "http://www.w3.org/TR/xhtml1/DTD/xhtml1-transitional.dtd">
<html xmlns="http://www.w3.org/1999/xhtml" xml:lang="en" lang="en">
 <head>
  <title>
</title>
<meta http-equiv="Content-Type" content="text/html;charset=utf-8" />
  <meta name='ocr-system' content='tesseract 3.04.00' />
  <meta name='ocr-capabilities' content='ocr_page ocr_carea ocr_par ocr_line ocrx_word'/>
</head>
<body>
  <div class='ocr_page' id='page_1' title='image "./civlicaesarisde00westgoog_0151.png"; bbox 0 0 3000 4456; ppageno 0'>
   <div class='ocr_carea' id='block_1_1' title="bbox 521 325 1270 407">
    <p class='ocr_par' dir='ltr' id='par_1_1' title="bbox 521 325 1270 407">
     <span class='ocr_line' id='line_1_1' title="bbox 521 325 1270 407; baseline 0.008 -31"><span class='ocrx_word' id='word_1_1' title='bbox 521 325 638 377; x_wconf 89' lang='lat' dir='ltr'>LIBER</span> <span class='ocrx_word' id='word_1_2' title='bbox 665 326 700 381; x_wconf 92' lang='lat' dir='ltr'>ll.</span> <span class='ocrx_word' id='word_1_3' title='bbox 727 326 811 380; x_wconf 87' lang='lat' dir='ltr'><strong>CAP.</strong></span> <span class='ocrx_word' id='word_1_4' title='bbox 839 339 948 394; x_wconf 85' lang='lat'>19-21.</span> <span class='ocrx_word' id='word_1_5' title='bbox 1232 341 1270 407; x_wconf 84' lang='lat'>53</span> 
     </span>
    </p>
   </div>
   <div class='ocr_carea' id='block_1_2' title="bbox 198 501 1319 1894">
    <p class='ocr_par' dir='ltr' id='par_1_2' title="bbox 198 501 1319 1894">
     <span class='ocr_line' id='line_1_2' title="bbox 198 501 1270 591; baseline 0.003 -23"><span class='ocrx_word' id='word_1_6' title='bbox 198 501 303 569; x_wconf 89' lang='lat' dir='ltr'>candi</span> <span class='ocrx_word' id='word_1_7' title='bbox 323 503 459 582; x_wconf 74' lang='lat' dir='ltr'>milites</span> <span class='ocrx_word' id='word_1_8' title='bbox 480 509 540 588; x_wconf 93' lang='lat' dir='ltr'>qui</span> <span class='ocrx_word' id='word_1_9' title='bbox 560 504 664 588; x_wconf 92' lang='lat' dir='ltr'>paulo</span> <span class='ocrx_word' id='word_1_10' title='bbox 685 503 825 590; x_wconf 92' lang='lat' dir='ltr'>longius</span> <span class='ocrx_word' id='word_1_11' title='bbox 845 504 984 591; x_wconf 86' lang='lat' dir='ltr'>aggeris</span> <span class='ocrx_word' id='word_1_12' title='bbox 1003 504 1145 589; x_wconf 90' lang='lat' dir='ltr'>petendi</span> <span class='ocrx_word' id='word_1_13' title='bbox 1165 511 1270 571; x_wconf 91' lang='lat' dir='ltr'>causa</span> 
     </span>
     <span class='ocr_line' id='line_1_3' title="bbox 200 613 1269 698; baseline 0.003 -21"><span class='ocrx_word' id='word_1_14' title='bbox 200 619 441 698; x_wconf 91' lang='lat' dir='ltr'>processerant</span> <span class='ocrx_word' id='word_1_15' title='bbox 470 613 674 691; x_wconf 83' lang='lat' dir='ltr'>arcessendi,</span> <span class='ocrx_word' id='word_1_16' title='bbox 702 613 792 680; x_wconf 90' lang='lat' dir='ltr'>acies</span> <span class='ocrx_word' id='word_1_17' title='bbox 818 614 1030 692; x_wconf 90' lang='lat' dir='ltr'>instruenda,</span> <span class='ocrx_word' id='word_1_18' title='bbox 1059 613 1185 680; x_wconf 86' lang='lat' dir='ltr'>mihtes</span> <span class='ocrx_word' id='word_1_19' title='bbox 1212 636 1269 680; x_wconf 94' lang='lat' dir='ltr'>co-</span> 
     </span>
     <span class='ocr_line' id='line_1_4' title="bbox 199 721 1269 812; baseline 0.004 -26"><span class='ocrx_word' id='word_1_20' title='bbox 199 721 374 800; x_wconf 89' lang='lat' dir='ltr'>hortandi,</span> <span class='ocrx_word' id='word_1_21' title='bbox 400 722 729 812; x_wconf 28' lang='lat' dir='ltr'>signumldandum.</span> <span class='ocrx_word' id='word_1_22' title='bbox 778 723 939 808; x_wconf 83' lang='lat' dir='ltr'>Quarum</span> <span class='ocrx_word' id='word_1_23' title='bbox 963 727 1079 788; x_wconf 93' lang='lat' dir='ltr'>rerum</span> <span class='ocrx_word' id='word_1_24' title='bbox 1103 729 1269 810; x_wconf 85' lang='lat' dir='ltr'>magnam</span> 
     </span>
     <span class='ocr_line' id='line_1_5' title="bbox 199 831 1269 916; baseline 0.003 -20"><span class='ocrx_word' id='word_1_25' title='bbox 199 842 338 916; x_wconf 89' lang='lat' dir='ltr'>partem</span> <span class='ocrx_word' id='word_1_26' title='bbox 372 831 540 915; x_wconf 89' lang='lat' dir='ltr'>temporis</span> <span class='ocrx_word' id='word_1_27' title='bbox 574 831 725 898; x_wconf 88' lang='lat' dir='ltr'>brevitas</span> <span class='ocrx_word' id='word_1_28' title='bbox 757 843 792 898; x_wconf 89' lang='lat' dir='ltr'>et</span> <span class='ocrx_word' id='word_1_29' title='bbox 827 832 985 898; x_wconf 90' lang='lat' dir='ltr'>incursus</span> <span class='ocrx_word' id='word_1_30' title='bbox 1018 832 1172 898; x_wconf 90' lang='lat' dir='ltr'>hostium</span> <span class='ocrx_word' id='word_1_31' title='bbox 1206 835 1269 899; x_wconf 92' lang='lat' dir='ltr'>im-</span> 
     </span>
     <span class='ocr_line' id='line_1_6' title="bbox 199 940 1301 1026; baseline 0.001 -19"><span class='ocrx_word' id='word_1_32' title='bbox 199 940 371 1026; x_wconf 90' lang='lat' dir='ltr'>pediebat.</span> <span class='ocrx_word' id='word_1_33' title='bbox 420 941 487 1006; x_wconf 90' lang='lat' dir='ltr'>His</span> <span class='ocrx_word' id='word_1_34' title='bbox 509 940 770 1008; x_wconf 89' lang='lat' dir='ltr'>difficultatibus</span> <span class='ocrx_word' id='word_1_35' title='bbox 792 942 880 1008; x_wconf 88' lang='lat' dir='ltr'>duae</span> <span class='ocrx_word' id='word_1_36' title='bbox 903 949 957 1008; x_wconf 91' lang='lat' dir='ltr'>res</span> <span class='ocrx_word' id='word_1_37' title='bbox 980 953 1078 1008; x_wconf 92' lang='lat' dir='ltr'>erant</span> <span class='ocrx_word' id='word_1_38' title='bbox 1102 942 1267 1021; x_wconf 89' lang='lat' dir='ltr'>subsidio,</span> <span class='ocrx_word' id='word_1_39' title='bbox 1288 967 1301 1016; x_wconf 83' lang='lat'>5</span> 
     </span>
     <span class='ocr_line' id='line_1_7' title="bbox 199 1049 1269 1137; baseline 0.004 -23"><span class='ocrx_word' id='word_1_40' title='bbox 199 1049 346 1115; x_wconf 88' lang='lat' dir='ltr'>scientia</span> <span class='ocrx_word' id='word_1_41' title='bbox 361 1060 468 1134; x_wconf 90' lang='lat' dir='ltr'>atque</span> <span class='ocrx_word' id='word_1_42' title='bbox 483 1055 567 1116; x_wconf 83' lang='lat' dir='ltr'>risus</span> <span class='ocrx_word' id='word_1_43' title='bbox 584 1049 745 1131; x_wconf 89' lang='lat' dir='ltr'>militum,</span> <span class='ocrx_word' id='word_1_44' title='bbox 764 1051 860 1135; x_wconf 91' lang='lat' dir='ltr'>quod</span> <span class='ocrx_word' id='word_1_45' title='bbox 877 1050 1113 1135; x_wconf 89' lang='lat' dir='ltr'>superioribus</span> <span class='ocrx_word' id='word_1_46' title='bbox 1131 1052 1269 1137; x_wconf 89' lang='lat' dir='ltr'>proeliis</span> 
     </span>
     <span class='ocr_line' id='line_1_8' title="bbox 200 1158 1269 1245; baseline 0.002 -20"><span class='ocrx_word' id='word_1_47' title='bbox 200 1158 396 1237; x_wconf 89' lang='lat' dir='ltr'>exercitati,</span> <span class='ocrx_word' id='word_1_48' title='bbox 424 1159 507 1244; x_wconf 91' lang='lat' dir='ltr'>quid</span> <span class='ocrx_word' id='word_1_49' title='bbox 534 1159 607 1226; x_wconf 89' lang='lat' dir='ltr'>lieri</span> <span class='ocrx_word' id='word_1_50' title='bbox 633 1167 813 1245; x_wconf 78' lang='lat' dir='ltr'>oporteret</span> <span class='ocrx_word' id='word_1_51' title='bbox 841 1167 912 1226; x_wconf 90' lang='lat' dir='ltr'>non</span> <span class='ocrx_word' id='word_1_52' title='bbox 941 1161 1055 1227; x_wconf 91' lang='lat' dir='ltr'>minus</span> <span class='ocrx_word' id='word_1_53' title='bbox 1082 1163 1269 1228; x_wconf 90' lang='lat' dir='ltr'>commode</span> 
     </span>
     <span class='ocr_line' id='line_1_9' title="bbox 200 1269 1267 1355; baseline 0.001 -21"><span class='ocrx_word' id='word_1_54' title='bbox 200 1270 266 1354; x_wconf 90' lang='lat' dir='ltr'>ipsi</span> <span class='ocrx_word' id='word_1_55' title='bbox 283 1269 347 1335; x_wconf 88' lang='lat' dir='ltr'>sibi</span> <span class='ocrx_word' id='word_1_56' title='bbox 366 1270 597 1354; x_wconf 88' lang='lat' dir='ltr'>praescribere</span> <span class='ocrx_word' id='word_1_57' title='bbox 617 1292 722 1354; x_wconf 91' lang='lat' dir='ltr'>quam</span> <span class='ocrx_word' id='word_1_58' title='bbox 740 1273 784 1337; x_wconf 95' lang='lat' dir='ltr'>ab</span> <span class='ocrx_word' id='word_1_59' title='bbox 803 1271 877 1336; x_wconf 93' lang='lat' dir='ltr'>aliis</span> <span class='ocrx_word' id='word_1_60' title='bbox 896 1271 1014 1338; x_wconf 90' lang='lat' dir='ltr'>doceri</span> <span class='ocrx_word' id='word_1_61' title='bbox 1033 1281 1194 1355; x_wconf 90' lang='lat' dir='ltr'>poterant</span> <span class='ocrx_word' id='word_1_62' title='bbox 1201 1293 1209 1350; x_wconf 92' lang='lat'>;</span> <span class='ocrx_word' id='word_1_63' title='bbox 1234 1280 1267 1337; x_wconf 94' lang='lat' dir='ltr'>et</span> 
     </span>
     <span class='ocr_line' id='line_1_10' title="bbox 200 1379 1268 1466; baseline 0.002 -22"><span class='ocrx_word' id='word_1_64' title='bbox 200 1379 297 1464; x_wconf 92' lang='lat' dir='ltr'>quod</span> <span class='ocrx_word' id='word_1_65' title='bbox 317 1379 360 1446; x_wconf 91' lang='lat' dir='ltr'>ab</span> <span class='ocrx_word' id='word_1_66' title='bbox 379 1400 485 1463; x_wconf 90' lang='lat' dir='ltr'>opere</span> <span class='ocrx_word' id='word_1_67' title='bbox 504 1380 719 1464; x_wconf 87' lang='lat' dir='ltr'>singulisque</span> <span class='ocrx_word' id='word_1_68' title='bbox 739 1380 936 1466; x_wconf 86' lang='lat' dir='ltr'>legionibus</span> <span class='ocrx_word' id='word_1_69' title='bbox 955 1380 1112 1466; x_wconf 91' lang='lat' dir='ltr'>singulos</span> <span class='ocrx_word' id='word_1_70' title='bbox 1132 1382 1268 1466; x_wconf 90' lang='lat' dir='ltr'>legatos</span> 
     </span>
     <span class='ocr_line' id='line_1_11' title="bbox 200 1488 1319 1575; baseline 0.001 -20"><span class='ocrx_word' id='word_1_71' title='bbox 200 1488 328 1555; x_wconf 89' lang='lat' dir='ltr'>Caesar</span> <span class='ocrx_word' id='word_1_72' title='bbox 340 1488 516 1555; x_wconf 76' lang='lat' dir='ltr'>discedere</span> <span class='ocrx_word' id='word_1_73' title='bbox 530 1489 594 1554; x_wconf 87' lang='lat' dir='ltr'>nisi</span> <span class='ocrx_word' id='word_1_74' title='bbox 608 1495 751 1555; x_wconf 84' lang='lat' dir='ltr'>monitis</span> <span class='ocrx_word' id='word_1_75' title='bbox 763 1497 883 1556; x_wconf 86' lang='lat' dir='ltr'>castris</span> <span class='ocrx_word' id='word_1_76' title='bbox 897 1501 1062 1558; x_wconf 89' lang='lat' dir='ltr'>vetuerat.</span> <span class='ocrx_word' id='word_1_77' title='bbox 1102 1491 1150 1555; x_wconf 95' lang='lat' dir='ltr'>Hi</span> <span class='ocrx_word' id='word_1_78' title='bbox 1164 1512 1267 1575; x_wconf 91' lang='lat' dir='ltr'>prop·</span> <span class='ocrx_word' id='word_1_79' title='bbox 1289 1517 1319 1556; x_wconf 81' lang='grc' dir='ltr'>ιο</span> 
     </span>
     <span class='ocr_line' id='line_1_12' title="bbox 202 1598 1266 1682; baseline 0.003 -19"><span class='ocrx_word' id='word_1_80' title='bbox 202 1609 255 1663; x_wconf 90' lang='lat' dir='ltr'>ter</span> <span class='ocrx_word' id='word_1_81' title='bbox 281 1598 578 1682; x_wconf 71' lang='lat' dir='ltr'>propinquitatem</span> <span class='ocrx_word' id='word_1_82' title='bbox 606 1610 640 1664; x_wconf 92' lang='lat' dir='ltr'>et</span> <span class='ocrx_word' id='word_1_83' title='bbox 666 1600 878 1666; x_wconf 75' lang='lat' dir='ltr'>celeritatem</span> <span class='ocrx_word' id='word_1_84' title='bbox 906 1601 1059 1667; x_wconf 88' lang='lat' dir='ltr'>hostium</span> <span class='ocrx_word' id='word_1_85' title='bbox 1087 1600 1170 1666; x_wconf 90' lang='lat' dir='ltr'>nihil</span> <span class='ocrx_word' id='word_1_86' title='bbox 1199 1601 1266 1666; x_wconf 90' lang='lat' dir='ltr'>iam</span> 
     </span>
     <span class='ocr_line' id='line_1_13' title="bbox 201 1707 1267 1794; baseline 0.004 -22"><span class='ocrx_word' id='word_1_87' title='bbox 201 1707 356 1773; x_wconf 90' lang='lat' dir='ltr'>Caesaris</span> <span class='ocrx_word' id='word_1_88' title='bbox 372 1707 557 1791; x_wconf 89' lang='lat' dir='ltr'>imperium</span> <span class='ocrx_word' id='word_1_89' title='bbox 574 1709 835 1792; x_wconf 69' lang='lat' dir='ltr'>exspectabant,</span> <span class='ocrx_word' id='word_1_90' title='bbox 852 1710 912 1775; x_wconf 90' lang='lat' dir='ltr'>sed</span> <span class='ocrx_word' id='word_1_91' title='bbox 929 1731 989 1794; x_wconf 90' lang='lat' dir='ltr'>per</span> <span class='ocrx_word' id='word_1_92' title='bbox 1005 1716 1052 1788; x_wconf 90' lang='lat' dir='ltr'>se,</span> <span class='ocrx_word' id='word_1_93' title='bbox 1070 1731 1157 1794; x_wconf 88' lang='lat' dir='ltr'>quae</span> <span class='ocrx_word' id='word_1_94' title='bbox 1174 1710 1267 1776; x_wconf 89' lang='lat' dir='ltr'>vide-</span> 
     </span>
     <span class='ocr_line' id='line_1_14' title="bbox 200 1816 651 1894; baseline 0.004 -12"><span class='ocrx_word' id='word_1_95' title='bbox 200 1817 337 1894; x_wconf 90' lang='lat' dir='ltr'>bantur,</span> <span class='ocrx_word' id='word_1_96' title='bbox 353 1816 651 1884; x_wconf 88' lang='lat' dir='ltr'>administrabant.</span> 
     </span>
    </p>
   </div>
   <div class='ocr_carea' id='block_1_3' title="bbox 447 2024 1019 2098">
    <p class='ocr_par' dir='ltr' id='par_1_3' title="bbox 447 2024 1019 2098">
     <span class='ocr_line' id='line_1_15' title="bbox 447 2024 1019 2098; baseline 0.003 -19"><span class='ocrx_word' id='word_1_97' title='bbox 447 2024 577 2079; x_wconf 78' lang='lat' dir='ltr'>Caesar&#39;s</span> <span class='ocrx_word' id='word_1_98' title='bbox 587 2024 683 2096; x_wconf 70' lang='lat' dir='ltr'>speech</span> <span class='ocrx_word' id='word_1_99' title='bbox 697 2031 725 2079; x_wconf 84' lang='lat' dir='ltr'>to</span> <span class='ocrx_word' id='word_1_100' title='bbox 736 2025 785 2080; x_wconf 78' lang='lat' dir='ltr'>the</span> <span class='ocrx_word' id='word_1_101' title='bbox 800 2027 826 2079; x_wconf 90' lang='lat' dir='ltr'><em>T</em></span> <span class='ocrx_word' id='word_1_102' title='bbox 822 2024 889 2079; x_wconf 78' lang='lat' dir='ltr'>enth</span> <span class='ocrx_word' id='word_1_103' title='bbox 903 2026 1019 2098; x_wconf 77' lang='lat' dir='ltr'>legion.</span> 
     </span>
    </p>
   </div>
   <div class='ocr_carea' id='block_1_4' title="bbox 268 2149 1323 2237">
    <p class='ocr_par' dir='ltr' id='par_1_4' title="bbox 268 2149 1323 2237">
     <span class='ocr_line' id='line_1_16' title="bbox 268 2149 1323 2237; baseline -0.004 -20"><span class='ocrx_word' id='word_1_104' title='bbox 268 2149 395 2218; x_wconf 88' lang='lat' dir='ltr'>Caesar</span> <span class='ocrx_word' id='word_1_105' title='bbox 416 2151 617 2218; x_wconf 80' lang='lat' dir='ltr'>necessariIs</span> <span class='ocrx_word' id='word_1_106' title='bbox 638 2153 741 2218; x_wconf 89' lang='lat' dir='ltr'>rebus</span> <span class='ocrx_word' id='word_1_107' title='bbox 761 2153 940 2237; x_wconf 89' lang='lat' dir='ltr'>imperatis</span> <span class='ocrx_word' id='word_1_108' title='bbox 960 2153 1004 2219; x_wconf 90' lang='lat' dir='ltr'>ad</span> <span class='ocrx_word' id='word_1_109' title='bbox 1027 2154 1266 2220; x_wconf 83' lang='lat' dir='ltr'>cohortandos</span> <span class='ocrx_word' id='word_1_110' title='bbox 1284 2165 1323 2215; x_wconf 90' lang='lat'>21</span> 
     </span>
    </p>
   </div>
   <div class='ocr_carea' id='block_1_5' title="bbox 198 2261 1318 3883">
    <p class='ocr_par' dir='ltr' id='par_1_5' title="bbox 198 2261 1318 3883">
     <span class='ocr_line' id='line_1_17' title="bbox 198 2261 1316 2347; baseline 0.004 -21"><span class='ocrx_word' id='word_1_111' title='bbox 198 2261 326 2328; x_wconf 89' lang='lat' dir='ltr'>milites</span> <span class='ocrx_word' id='word_1_112' title='bbox 342 2283 447 2347; x_wconf 91' lang='lat' dir='ltr'>quam</span> <span class='ocrx_word' id='word_1_113' title='bbox 469 2263 538 2346; x_wconf 91' lang='lat' dir='ltr'>[in]</span> <span class='ocrx_word' id='word_1_114' title='bbox 561 2273 694 2347; x_wconf 88' lang='lat' dir='ltr'>partem</span> <span class='ocrx_word' id='word_1_115' title='bbox 710 2261 780 2328; x_wconf 85' lang='lat' dir='ltr'>lors</span> <span class='ocrx_word' id='word_1_116' title='bbox 796 2262 926 2328; x_wconf 92' lang='lat' dir='ltr'>obtulit</span> <span class='ocrx_word' id='word_1_117' title='bbox 944 2263 1151 2342; x_wconf 77' lang='lat' dir='ltr'>decucurrit,</span> <span class='ocrx_word' id='word_1_118' title='bbox 1170 2275 1204 2329; x_wconf 98' lang='lat' dir='ltr'>et</span> <span class='ocrx_word' id='word_1_119' title='bbox 1222 2263 1266 2329; x_wconf 90' lang='lat' dir='ltr'>ad</span> <span class='ocrx_word' id='word_1_120' title='bbox 1288 2282 1316 2330; x_wconf 83' lang='lat'>15</span> 
     </span>
     <span class='ocr_line' id='line_1_18' title="bbox 198 2371 1267 2457; baseline 0.001 -20"><span class='ocrx_word' id='word_1_121' title='bbox 198 2373 373 2457; x_wconf 81' lang='lat' dir='ltr'>legionem</span> <span class='ocrx_word' id='word_1_122' title='bbox 390 2372 561 2438; x_wconf 90' lang='lat' dir='ltr'>decimam</span> <span class='ocrx_word' id='word_1_123' title='bbox 579 2372 728 2438; x_wconf 89' lang='lat' dir='ltr'>devenit.</span> <span class='ocrx_word' id='word_1_124' title='bbox 779 2372 910 2436; x_wconf 86' lang='lat' dir='ltr'>MiIites</span> <span class='ocrx_word' id='word_1_125' title='bbox 927 2377 998 2437; x_wconf 89' lang='lat' dir='ltr'>uon</span> <span class='ocrx_word' id='word_1_126' title='bbox 1016 2371 1175 2456; x_wconf 83' lang='lat' dir='ltr'>longiore</span> <span class='ocrx_word' id='word_1_127' title='bbox 1192 2378 1267 2438; x_wconf 91' lang='lat' dir='ltr'>ora-</span> 
     </span>
     <span class='ocr_line' id='line_1_19' title="bbox 200 2480 1267 2566; baseline 0.003 -21"><span class='ocrx_word' id='word_1_128' title='bbox 200 2481 296 2548; x_wconf 91' lang='lat' dir='ltr'>tione</span> <span class='ocrx_word' id='word_1_129' title='bbox 317 2483 526 2548; x_wconf 89' lang='lat' dir='ltr'>cohortatus</span> <span class='ocrx_word' id='word_1_130' title='bbox 547 2503 652 2566; x_wconf 89' lang='lat' dir='ltr'>quam</span> <span class='ocrx_word' id='word_1_131' title='bbox 672 2488 726 2546; x_wconf 94' lang='lat' dir='ltr'>uti</span> <span class='ocrx_word' id='word_1_132' title='bbox 746 2502 828 2546; x_wconf 91' lang='lat' dir='ltr'>suae</span> <span class='ocrx_word' id='word_1_133' title='bbox 849 2480 1014 2564; x_wconf 90' lang='lat' dir='ltr'>pristinae</span> <span class='ocrx_word' id='word_1_134' title='bbox 1036 2480 1175 2548; x_wconf 86' lang='lat' dir='ltr'>virtotis</span> <span class='ocrx_word' id='word_1_135' title='bbox 1197 2504 1267 2549; x_wconf 90' lang='lat' dir='ltr'>me-</span> 
     </span>
     <span class='ocr_line' id='line_1_20' title="bbox 198 2589 1268 2675; baseline -0.001 -19"><span class='ocrx_word' id='word_1_136' title='bbox 198 2591 346 2657; x_wconf 90' lang='lat' dir='ltr'>moriam</span> <span class='ocrx_word' id='word_1_137' title='bbox 375 2591 564 2658; x_wconf 88' lang='lat' dir='ltr'>retinerent</span> <span class='ocrx_word' id='word_1_138' title='bbox 597 2612 663 2657; x_wconf 90' lang='lat' dir='ltr'>neu</span> <span class='ocrx_word' id='word_1_139' title='bbox 693 2589 982 2675; x_wconf 89' lang='lat' dir='ltr'>perturbarentur</span> <span class='ocrx_word' id='word_1_140' title='bbox 1011 2590 1128 2657; x_wconf 91' lang='lat' dir='ltr'>animo</span> <span class='ocrx_word' id='word_1_141' title='bbox 1158 2591 1268 2657; x_wconf 90' lang='lat' dir='ltr'>hosti-</span> 
     </span>
     <span class='ocr_line' id='line_1_21' title="bbox 198 2699 1268 2786; baseline -0.001 -20"><span class='ocrx_word' id='word_1_142' title='bbox 198 2722 328 2785; x_wconf 90' lang='lat' dir='ltr'>umque</span> <span class='ocrx_word' id='word_1_143' title='bbox 343 2699 516 2786; x_wconf 91' lang='lat' dir='ltr'>impetum</span> <span class='ocrx_word' id='word_1_144' title='bbox 532 2700 672 2766; x_wconf 80' lang='lat' dir='ltr'>fortiter</span> <span class='ocrx_word' id='word_1_145' title='bbox 687 2699 909 2778; x_wconf 90' lang='lat' dir='ltr'>sustinerent,</span> <span class='ocrx_word' id='word_1_146' title='bbox 928 2700 1024 2785; x_wconf 94' lang='lat' dir='ltr'>quod</span> <span class='ocrx_word' id='word_1_147' title='bbox 1040 2706 1111 2766; x_wconf 89' lang='lat' dir='ltr'>non</span> <span class='ocrx_word' id='word_1_148' title='bbox 1128 2700 1268 2786; x_wconf 89' lang='lat' dir='ltr'>longius</span> 
     </span>
     <span class='ocr_line' id='line_1_22' title="bbox 201 2808 1318 2895; baseline -0.004 -20"><span class='ocrx_word' id='word_1_149' title='bbox 201 2811 319 2876; x_wconf 89' lang='lat' dir='ltr'>hostes</span> <span class='ocrx_word' id='word_1_150' title='bbox 346 2813 487 2876; x_wconf 88' lang='lat' dir='ltr'>aberant</span> <span class='ocrx_word' id='word_1_151' title='bbox 515 2832 620 2895; x_wconf 90' lang='lat' dir='ltr'>quam</span> <span class='ocrx_word' id='word_1_152' title='bbox 647 2816 718 2894; x_wconf 93' lang='lat' dir='ltr'>quo</span> <span class='ocrx_word' id='word_1_153' title='bbox 745 2811 853 2876; x_wconf 90' lang='lat' dir='ltr'>telum</span> <span class='ocrx_word' id='word_1_154' title='bbox 880 2808 975 2894; x_wconf 92' lang='lat' dir='ltr'>adigi</span> <span class='ocrx_word' id='word_1_155' title='bbox 1002 2819 1130 2893; x_wconf 92' lang='lat' dir='ltr'>posset,</span> <span class='ocrx_word' id='word_1_156' title='bbox 1159 2810 1267 2893; x_wconf 91' lang='lat' dir='ltr'>proeli</span> <span class='ocrx_word' id='word_1_157' title='bbox 1286 2834 1318 2870; x_wconf 84' lang='lat'>20</span> 
     </span>
     <span class='ocr_line' id='line_1_23' title="bbox 200 2917 1268 3004; baseline -0.002 -20"><span class='ocrx_word' id='word_1_158' title='bbox 200 2919 443 2985; x_wconf 89' lang='lat' dir='ltr'>committendi</span> <span class='ocrx_word' id='word_1_159' title='bbox 464 2926 602 3004; x_wconf 88' lang='lat' dir='ltr'>signum</span> <span class='ocrx_word' id='word_1_160' title='bbox 624 2919 729 2985; x_wconf 91' lang='lat' dir='ltr'>dedit.</span> <span class='ocrx_word' id='word_1_161' title='bbox 774 2919 893 3003; x_wconf 84' lang='lat' dir='ltr'>Atque</span> <span class='ocrx_word' id='word_1_162' title='bbox 914 2917 950 2983; x_wconf 91' lang='lat' dir='ltr'>in</span> <span class='ocrx_word' id='word_1_163' title='bbox 970 2919 1112 2984; x_wconf 90' lang='lat' dir='ltr'>alteram</span> <span class='ocrx_word' id='word_1_164' title='bbox 1134 2929 1268 3002; x_wconf 89' lang='lat' dir='ltr'>partem</span> 
     </span>
     <span class='ocr_line' id='line_1_24' title="bbox 199 3026 1265 3114; baseline 0.001 -22"><span class='ocrx_word' id='word_1_165' title='bbox 199 3028 284 3094; x_wconf 89' lang='lat' dir='ltr'>item</span> <span class='ocrx_word' id='word_1_166' title='bbox 301 3028 512 3094; x_wconf 86' lang='lat' dir='ltr'>cohortandi</span> <span class='ocrx_word' id='word_1_167' title='bbox 527 3034 631 3092; x_wconf 90' lang='lat' dir='ltr'>causa</span> <span class='ocrx_word' id='word_1_168' title='bbox 648 3026 828 3112; x_wconf 84' lang='lat' dir='ltr'>proiectus</span> <span class='ocrx_word' id='word_1_169' title='bbox 845 3027 1087 3114; x_wconf 84' lang='lat' dir='ltr'>pognantibus</span> <span class='ocrx_word' id='word_1_170' title='bbox 1103 3027 1265 3094; x_wconf 90' lang='lat' dir='ltr'>occurrit.</span> 
     </span>
     <span class='ocr_line' id='line_1_25' title="bbox 198 3135 1268 3222; baseline 0.002 -22"><span class='ocrx_word' id='word_1_171' title='bbox 198 3136 382 3222; x_wconf 91' lang='lat' dir='ltr'>Temporis</span> <span class='ocrx_word' id='word_1_172' title='bbox 399 3147 498 3202; x_wconf 89' lang='lat' dir='ltr'>tanta</span> <span class='ocrx_word' id='word_1_173' title='bbox 516 3135 580 3202; x_wconf 89' lang='lat' dir='ltr'>luit</span> <span class='ocrx_word' id='word_1_174' title='bbox 598 3136 774 3222; x_wconf 88' lang='lat' dir='ltr'>exiguitas</span> <span class='ocrx_word' id='word_1_175' title='bbox 791 3136 1018 3222; x_wconf 91' lang='lat' dir='ltr'>hostiumque</span> <span class='ocrx_word' id='word_1_176' title='bbox 1037 3148 1110 3203; x_wconf 90' lang='lat' dir='ltr'>tam</span> <span class='ocrx_word' id='word_1_177' title='bbox 1128 3143 1268 3222; x_wconf 88' lang='lat' dir='ltr'>paratus</span> 
     </span>
     <span class='ocr_line' id='line_1_26' title="bbox 200 3245 1267 3332; baseline 0 -20"><span class='ocrx_word' id='word_1_178' title='bbox 200 3247 244 3313; x_wconf 94' lang='lat' dir='ltr'>ad</span> <span class='ocrx_word' id='word_1_179' title='bbox 266 3246 503 3313; x_wconf 92' lang='lat' dir='ltr'>dimicandum</span> <span class='ocrx_word' id='word_1_180' title='bbox 525 3246 662 3312; x_wconf 88' lang='lat' dir='ltr'>animus</span> <span class='ocrx_word' id='word_1_181' title='bbox 684 3256 723 3312; x_wconf 91' lang='lat' dir='ltr'>ut</span> <span class='ocrx_word' id='word_1_182' title='bbox 747 3252 819 3312; x_wconf 90' lang='lat' dir='ltr'>non</span> <span class='ocrx_word' id='word_1_183' title='bbox 843 3247 951 3313; x_wconf 94' lang='lat' dir='ltr'>modo</span> <span class='ocrx_word' id='word_1_184' title='bbox 974 3247 1017 3314; x_wconf 89' lang='lat' dir='ltr'>ad</span> <span class='ocrx_word' id='word_1_185' title='bbox 1040 3245 1190 3332; x_wconf 84' lang='lat' dir='ltr'>iusignia</span> <span class='ocrx_word' id='word_1_186' title='bbox 1213 3267 1267 3312; x_wconf 93' lang='lat' dir='ltr'>ac-</span> 
     </span>
     <span class='ocr_line' id='line_1_27' title="bbox 200 3355 1317 3441; baseline -0.001 -18"><span class='ocrx_word' id='word_1_187' title='bbox 200 3357 467 3437; x_wconf 89' lang='lat' dir='ltr'>commodanda,</span> <span class='ocrx_word' id='word_1_188' title='bbox 486 3357 668 3423; x_wconf 88' lang='lat' dir='ltr'>sedetiam</span> <span class='ocrx_word' id='word_1_189' title='bbox 685 3357 728 3423; x_wconf 88' lang='lat' dir='ltr'>ad</span> <span class='ocrx_word' id='word_1_190' title='bbox 745 3357 862 3441; x_wconf 89' lang='lat' dir='ltr'>galeas</span> <span class='ocrx_word' id='word_1_191' title='bbox 878 3355 1073 3423; x_wconf 89' lang='lat' dir='ltr'>induendas</span> <span class='ocrx_word' id='word_1_192' title='bbox 1090 3361 1269 3441; x_wconf 83' lang='lat' dir='ltr'>scotisque</span> <span class='ocrx_word' id='word_1_193' title='bbox 1287 3385 1317 3434; x_wconf 81' lang='lat'>25</span> 
     </span>
     <span class='ocr_line' id='line_1_28' title="bbox 201 3465 1269 3554; baseline -0.001 -22"><span class='ocrx_word' id='word_1_194' title='bbox 201 3467 395 3554; x_wconf 90' lang='lat' dir='ltr'>tegimenta</span> <span class='ocrx_word' id='word_1_195' title='bbox 411 3467 627 3534; x_wconf 89' lang='lat' dir='ltr'>detrahenda</span> <span class='ocrx_word' id='word_1_196' title='bbox 644 3478 783 3551; x_wconf 89' lang='lat' dir='ltr'>tempus</span> <span class='ocrx_word' id='word_1_197' title='bbox 800 3465 956 3532; x_wconf 84' lang='lat' dir='ltr'>deluerit.</span> <span class='ocrx_word' id='word_1_198' title='bbox 988 3466 1106 3552; x_wconf 84' lang='lat' dir='ltr'>Quam</span> <span class='ocrx_word' id='word_1_199' title='bbox 1123 3465 1269 3552; x_wconf 88' lang='lat' dir='ltr'>quisque</span> 
     </span>
     <span class='ocr_line' id='line_1_29' title="bbox 200 3575 1269 3662; baseline -0.002 -20"><span class='ocrx_word' id='word_1_200' title='bbox 200 3577 242 3643; x_wconf 86' lang='lat' dir='ltr'>ab</span> <span class='ocrx_word' id='word_1_201' title='bbox 259 3599 364 3662; x_wconf 91' lang='lat' dir='ltr'>opere</span> <span class='ocrx_word' id='word_1_202' title='bbox 379 3576 414 3642; x_wconf 89' lang='lat' dir='ltr'>iu</span> <span class='ocrx_word' id='word_1_203' title='bbox 445 3589 581 3662; x_wconf 86' lang='lat' dir='ltr'>partem</span> <span class='ocrx_word' id='word_1_204' title='bbox 597 3581 678 3642; x_wconf 86' lang='lat' dir='ltr'>caso</span> <span class='ocrx_word' id='word_1_205' title='bbox 696 3575 848 3654; x_wconf 88' lang='lat' dir='ltr'>devenit,</span> <span class='ocrx_word' id='word_1_206' title='bbox 866 3597 1023 3660; x_wconf 89' lang='lat' dir='ltr'>quaeque</span> <span class='ocrx_word' id='word_1_207' title='bbox 1041 3583 1151 3660; x_wconf 91' lang='lat' dir='ltr'>prima</span> <span class='ocrx_word' id='word_1_208' title='bbox 1169 3581 1269 3662; x_wconf 88' lang='lat' dir='ltr'>signa</span> 
     </span>
     <span class='ocr_line' id='line_1_30' title="bbox 200 3684 1268 3773; baseline -0.003 -20"><span class='ocrx_word' id='word_1_209' title='bbox 200 3687 396 3773; x_wconf 87' lang='lat' dir='ltr'>conspexit,</span> <span class='ocrx_word' id='word_1_210' title='bbox 416 3688 459 3752; x_wconf 87' lang='lat' dir='ltr'>ad</span> <span class='ocrx_word' id='word_1_211' title='bbox 479 3687 563 3754; x_wconf 89' lang='lat' dir='ltr'>haec</span> <span class='ocrx_word' id='word_1_212' title='bbox 583 3684 753 3764; x_wconf 90' lang='lat' dir='ltr'>constitit,</span> <span class='ocrx_word' id='word_1_213' title='bbox 775 3691 818 3750; x_wconf 92' lang='lat' dir='ltr'>ne</span> <span class='ocrx_word' id='word_1_214' title='bbox 836 3685 871 3750; x_wconf 93' lang='lat' dir='ltr'>in</span> <span class='ocrx_word' id='word_1_215' title='bbox 892 3686 1097 3770; x_wconf 76' lang='lat' dir='ltr'>quaerendIs</span> <span class='ocrx_word' id='word_1_216' title='bbox 1116 3691 1187 3752; x_wconf 94' lang='lat' dir='ltr'>suis</span> <span class='ocrx_word' id='word_1_217' title='bbox 1206 3691 1268 3770; x_wconf 84' lang='lat' dir='ltr'>po-</span> 
     </span>
     <span class='ocr_line' id='line_1_31' title="bbox 201 3795 717 3883; baseline -0.004 -21"><span class='ocrx_word' id='word_1_218' title='bbox 201 3797 333 3883; x_wconf 89' lang='lat' dir='ltr'>gnandi</span> <span class='ocrx_word' id='word_1_219' title='bbox 352 3807 493 3881; x_wconf 89' lang='lat' dir='ltr'>tempus</span> <span class='ocrx_word' id='word_1_220' title='bbox 513 3795 717 3863; x_wconf 86' lang='lat' dir='ltr'>dimitteret.</span> 
     </span>
    </p>
   </div>
   <div class='ocr_carea' id='block_1_6' title="bbox 0 0 1506 4456">
    <p class='ocr_par' dir='ltr' id='par_1_6' title="bbox 0 0 1506 4456">
     <span class='ocr_line' id='line_1_32' title="bbox 0 0 1506 4456; baseline 0 0"><span class='ocrx_word' id='word_1_221' title='bbox 0 0 1506 4456; x_wconf 95' lang='lat' dir='ltr'> </span> 
     </span>
    </p>
   </div>
  </div>
 </body>
</html>
