3044 4442
516 320 634 374 LIBER
662 322 696 374 ll.
723 322 806 375 CAP.
834 333 946 391 33-35.

371 563 492 616 Crassus
504 561 622 616 ucbdues
632 563 747 616 several
755 563 842 617 tribes
853 562 940 633 alorg
952 562 1001 617 the
1011 568 1096 618 coast.

269 688 406 755 Eodem
421 699 578 773 tempore
593 696 614 756 e
629 689 666 756 P.
684 688 809 756 Crasso
826 711 931 775 quem
946 711 1026 756 cum
1043 689 1181 775 legione
1195 693 1266 755 one
1283 701 1326 768 34

197 803 339 863 miserat
364 798 407 864 ad
431 798 599 878 Venetos,
626 799 801 878 Venellos,
828 799 997 878 Osismos,
1025 797 1264 876 Coriosolitas,

197 905 358 986 Esuvios,
376 906 556 987 Aulercos,
576 909 750 988 Redones,
769 918 954 994 quaesunt
973 906 1167 974 maritimae
1185 905 1266 973 civi-

195 1022 290 1082 totes
309 999 562 1101 Oceanumque
579 1017 775 1104 attingunt,
795 1017 925 1084 certior
942 1017 1055 1084 lactus
1074 1028 1126 1083 est
1144 1022 1267 1082 omnes

198 1131 258 1192 eos
286 1126 443 1192 civitetes
470 1127 506 1191 in
533 1126 707 1194 dicionem
736 1133 1017 1212 potestotemque
1045 1125 1166 1210 populi
1194 1124 1298 1200 Ros

197 1241 293 1300 moni
310 1256 385 1301 esse
402 1235 568 1302 redoctos.

242 1427 270 1479 T
266 1425 302 1479 he
313 1444 399 1497 army
403 1445 473 1498 goes
485 1430 548 1482 torto
558 1431 666 1482 wimer
677 1434 819 1498 quarters.
863 1429 891 1482 Τ
886 1427 1087 1500 hanksgriu'rg
1098 1433 1131 1481 a!
1143 1428 1229 1481 Rome

552 1512 611 1588 for
624 1516 754 1571 Caesar's
764 1519 906 1571 vr'ctories.

269 1642 336 1708 His
360 1644 463 1708 rebus
486 1650 604 1728 gestis,
628 1651 725 1709 omni
751 1643 860 1710 Gallio
884 1649 1017 1728 picoto,
1042 1651 1138 1707 tanta
1163 1641 1265 1706 hoius
1282 1651 1325 1722 35

192 1749 277 1816 belli
294 1751 338 1816 ad
357 1751 523 1817 barbaros
541 1752 660 1836 opinio
680 1754 813 1837 perlota
830 1762 894 1832 est,
915 1759 968 1818 uti
986 1751 1029 1817 ab
1049 1757 1097 1817 eis
1117 1750 1265 1816 notioni-

191 1860 270 1938 bus,
287 1880 375 1944 quae
391 1867 487 1926 trons
502 1861 666 1927 Rhenum
681 1861 883 1940 incolerent,
900 1861 1008 1946 legoti
1023 1861 1066 1926 ad
1083 1859 1266 1926 Caesarem

192 1967 425 2034 mitterentur
447 1976 506 2054 qui
527 1977 564 2036 se
585 1969 724 2036 obsides
746 1970 897 2048 datores,
921 1969 1091 2053 imperita
1113 1967 1266 2034 factores
1286 1995 1317 2033 ιο

194 2076 455 2161 pollicerentur.
506 2076 604 2161 Quos
628 2078 822 2163 legationes
849 2077 986 2155 Caesar,
1012 2076 1107 2161 quod
1135 2076 1170 2141 in
1196 2060 1265 2141 ita-

190 2187 277 2252 liam
296 2171 542 2272 illyricumque
559 2188 779 2272 properobat,
797 2187 881 2253 inito
898 2187 1060 2271 proxime
1075 2192 1206 2252 aestete
1224 2185 1266 2252 ad

193 2303 233 2363 se
259 2303 384 2362 reverti
409 2296 519 2362 iussit.
570 2280 710 2381 ipsein
736 2295 918 2374 Carnutes,
944 2295 1066 2360 Andes
1091 2294 1265 2372 Turonos,

189 2425 354 2490 quaeque
368 2405 530 2472 civitates
544 2404 760 2490 propinquae
774 2411 823 2471 eis
837 2405 922 2470 locis
937 2414 1046 2482 erant,
1062 2403 1121 2470 ubi
1137 2404 1268 2469 bellum

190 2526 363 2601 gesserat,
380 2514 577 2600 legionibus
592 2515 627 2581 in
644 2517 787 2581 hiberna
803 2514 964 2580 deductis
980 2513 1016 2578 in
1034 2496 1172 2578 ltaliam
1189 2532 1267 2596 pro·
1288 2536 1316 2586 15

192 2623 308 2691 lectus
328 2636 391 2690 est.
439 2624 497 2690 Ob
517 2631 643 2709 eosque
664 2631 718 2690 res
738 2645 783 2690 ex
805 2623 932 2689 litteris
954 2621 1111 2688 Caesaris
1133 2621 1268 2688 dierum
1369 2709 1370 2714 ἵ

191 2753 247 2799 xv
262 2715 471 2818 supplicetio
486 2734 627 2801 decreta
642 2744 705 2812 est,
722 2733 818 2818 quod
834 2743 917 2798 ante
933 2732 968 2797 id
985 2743 1125 2815 tempus
1141 2727 1268 2795 accidit

191 2844 291 2909 nolli.
