3044 4442
259 383 300 464 98
644 381 758 436 sam
784 381 943 437 aarum

330 559 457 627 Caesar
482 572 635 646 questus,
663 563 769 646 quod,
797 583 878 628 cum
904 563 996 629 ultra
1022 562 1058 628 in
1085 563 1323 629 continentem

259 671 382 754 legatis
400 671 512 736 missis
531 677 653 755 pacem
671 672 714 737 ab
731 677 769 738 se
786 677 963 756 petissent,
981 673 1110 738 bellum
1130 672 1203 739 sine
1222 679 1324 740 causa

258 779 464 858 intulissent,
496 785 679 865 ignascere
711 779 964 866 imprfidentiae
996 781 1085 846 dlxit
1117 781 1324 867 obsidesque

258 889 439 973 imperavit
446 911 454 967 ;
471 895 622 974 quarum
639 890 687 955 illi
704 901 838 974 partem
856 890 974 956 statim
991 890 1172 970 dederunt,
1191 903 1324 977 partem

226 1020 240 1070 s
259 1019 303 1064 ex
322 998 627 1084 longinquioribus
647 1001 731 1065 locis
750 1006 949 1066 arcessitam
970 1006 1088 1084 paucis
1108 1001 1230 1067 diabus
1250 1008 1324 1068 sase'e

258 1106 401 1174 dataros
430 1109 604 1175 dixarunt.
659 1110 797 1176 interea
827 1116 909 1176 suas
939 1111 1126 1197 remigrare
1156 1111 1191 1176 in
1219 1117 1324 1197 agros

258 1217 442 1297 iussarunt,
467 1219 708 1304 principesque
734 1218 888 1303 undique
912 1227 1097 1287 convenire
1123 1231 1156 1287 et
1181 1227 1218 1287 sa
1242 1219 1322 1287 civi-

258 1333 415 1412 tatasque
437 1334 516 1393 suas
538 1328 675 1395 Caesari
695 1329 942 1397 commendare
964 1336 1163 1414 coeparunt.

289 1497 418 1552 Caesar's
428 1497 549 1569 cavalry
560 1502 724 1569 transports
735 1517 789 1553 are
799 1500 903 1554 driven
915 1500 985 1555 back
996 1506 1025 1555 ta
1038 1502 1118 1556 Gaul
1126 1502 1158 1572 by
1169 1519 1188 1554 a
1200 1507 1297 1556 sturm.

198 1607 241 1672 28
329 1609 396 1675 His
427 1612 529 1676 rebus
561 1617 645 1695 pace
677 1611 893 1690 canfirmata,
926 1622 1005 1696 post
1036 1611 1128 1677 diem
1161 1623 1322 1695 quartum

209 1744 240 1779 10
257 1741 360 1804 quam
376 1731 426 1786 est
442 1720 476 1784 in
493 1720 707 1786 Britanniam
721 1732 876 1800 ventum,
892 1728 997 1787 navas
1013 1740 1124 1798 xvm,
1140 1721 1183 1786 de
1199 1719 1323 1804 quibus

257 1835 360 1913 supra
382 1829 661 1896 (lamanstratum
683 1841 745 1908 est,
769 1852 857 1915 quae
879 1830 1013 1914 equitas
1036 1830 1255 1907 sustulerant,
1278 1852 1322 1895 ex

258 1939 435 2022 superiare
457 1944 561 2023 porta
583 1941 652 2005 lani
673 1947 779 2006 venta
802 1941 989 2006 solverunt.
1039 1940 1139 2023 Quae
1161 1960 1242 2004 cum
1264 1938 1322 2004 ad-

255 2047 529 2132 propinquarent
545 2049 742 2115 Britanniae
757 2059 792 2114 et
807 2072 851 2115 ex
867 2055 986 2114 castris
1002 2048 1210 2124 viderentur,
1227 2057 1322 2112 tanta

257 2164 447 2240 tempestas
472 2158 588 2224 subito
616 2159 737 2224 coarta
762 2169 823 2234 est,
851 2169 888 2222 ut
916 2157 1013 2222 nalla
1035 2163 1154 2222 earum
1181 2177 1321 2221 cursum

210 2292 237 2342 ις
258 2273 376 2332 tenere
401 2278 533 2352 posset;
560 2267 619 2333 sed
644 2267 728 2332 aliae
754 2267 879 2333 eadem
905 2265 998 2332 unde
1024 2275 1120 2333 erant
1146 2264 1321 2350 profectae

257 2376 477 2454 referrentur,
502 2377 587 2442 aliae
612 2377 656 2442 ad
680 2376 878 2442 inferiarem
905 2387 1038 2460 partem
1064 2376 1207 2452 insulae,
1233 2395 1321 2458 quae

258 2497 309 2551 est
336 2485 479 2570 propius
505 2485 586 2551 salis
611 2492 785 2562 occasum,
813 2491 944 2570 magna
971 2491 1035 2552 suo
1061 2505 1141 2550 cum
1168 2484 1321 2569 pericula

257 2595 489 2673 deicerentur3
515 2616 603 2679 quae
628 2605 744 2662 tamen
770 2602 906 2661 ancoris
930 2595 1027 2660 iactis
1053 2615 1133 2660 cum
1160 2594 1322 2659 fluctibus

256 2707 525 2790 complarentur,
549 2704 742 2770 necessaria
764 2704 908 2770 adversa
930 2715 1032 2770 nocte
1055 2703 1090 2767 in
1112 2703 1221 2768 altum
1244 2707 1322 2786 pra·

207 2843 239 2881 20
255 2828 374 2883 vectae
390 2815 628 2882 continentem
644 2813 827 2898 petierunt.

388 2979 523 3049 Hisfleet
532 2993 568 3031 em
581 2976 629 3030 the
640 2978 717 3029 coast
727 2974 763 3045 os
771 2974 895 3027 Britain
907 2975 934 3026 is
946 2972 1046 3043 nearly
1056 2972 1191 3027 wrecked.

198 3099 241 3168 29
329 3091 461 3155 Eadem
484 3099 586 3153 nocte
610 3083 733 3151 accidit
756 3093 793 3149 ut
816 3094 919 3179 esset·
929 3084 1009 3148 lima
1033 3083 1144 3166 plana,
1168 3087 1227 3165 qui
1250 3081 1323 3147 dias

257 3197 449 3263 maritimas
479 3202 593 3263 aestas
625 3193 798 3260 maximas
830 3192 864 3256 in
897 3192 1042 3259 Oceana
1073 3191 1208 3259 efficere
1240 3197 1323 3257 con-

255 3304 379 3382 suavit
393 3311 589 3389 nostrisque
605 3304 638 3369 id
652 3314 724 3370 erat
740 3302 969 3387 incognitum.
1010 3302 1063 3368 Ita
1078 3307 1149 3367 ano
1164 3311 1322 3385 tempore

257 3425 290 3480 et
317 3415 441 3499 longas
465 3420 579 3491 navas,
611 3412 754 3498 [quibus
779 3411 906 3478 Caesar
930 3411 1121 3478 exercitum
1146 3417 1322 3494 transpor-
1374 3489 1378 3496 Ι

207 3547 236 3596 25
255 3523 401 3590 tandum
418 3522 625 3606 curaverat]
647 3527 734 3606 quas
751 3521 878 3588 Caesar
894 3521 928 3586 in
945 3519 1079 3586 aridum
1097 3520 1321 3596 subdaxerat,

256 3645 372 3701 aestus
391 3633 599 3717 complebat,
621 3643 655 3698 et
677 3629 863 3708 onerarias,
885 3651 973 3714 quae
994 3629 1037 3694 ad
1059 3635 1203 3696 ancoras
1224 3637 1321 3694 erant

257 3743 439 3829 deligatae,
475 3747 662 3828 tempestas
697 3739 907 3816 adflictabat,
944 3759 1056 3823 neque
1092 3739 1160 3804 ulla
1193 3743 1321 3803 nostris

255 3853 399 3919 facultas
438 3862 497 3918 aut
535 3850 799 3917 administrandi
837 3859 897 3915 aut
936 3846 1125 3914 auxiliandi
1163 3846 1319 3913 dabatur.

256 3959 503 4047 Complr'nibus
516 3957 662 4026 navibus
674 3958 802 4038 fractis,
815 3957 966 4042 reliquae
979 3978 1058 4022 cum
1071 3951 1321 4022 essent—ismi-
