3000 4456
255 368 296 432 30
633 351 746 404 BELLI
773 351 932 405 GALLlCl

326 529 399 614 Qui
421 551 523 595 suum
548 531 709 596 timerem
732 530 767 595 in
791 537 840 596 rei
862 530 1108 598 irirmentiniae
1132 532 1324 600 simulatis-

256 660 336 705 nem
359 638 609 724 angustiesque
632 638 765 704 itineris
789 639 997 719 cenlerrent,
1023 639 1134 706 iacere
1158 663 1324 728 arrogan-

255 759 317 826 ter,
336 769 415 813 cum
433 757 493 812 aut
513 749 556 813 de
574 747 690 813 officie
707 747 926 833 imperateris
945 749 1127 833 desperare
1144 761 1205 816 aut
1225 774 1321 836 prae-

254 857 400 923 scribere
418 855 628 922 viderentur.
680 856 780 922 Haec
798 857 861 922 sibi
880 879 953 923 esse
972 863 1074 923 cerae
1081 880 1089 937 ;
1108 859 1323 929 frementum

221 965 448 1050 sSequanes,
483 964 630 1044 Leucr'm,
666 964 846 1050 Lingones
878 965 1150 1046 subministrare,
1185 969 1322 1055 iamque

255 1096 328 1140 esse
351 1073 385 1139 in
409 1080 500 1158 agris
524 1074 696 1140 irinnenta
719 1080 871 1161 metium
897 1077 939 1141 de
962 1076 1085 1143 itinere
1108 1077 1203 1162 ipses
1225 1080 1320 1147 brevi

254 1194 413 1267 tempore
433 1182 656 1249 indicaturos.
707 1184 816 1269 Quod
837 1191 908 1251 nr'm
930 1185 1003 1252 lore
1024 1187 1121 1254 dicte
1142 1188 1322 1256 audientes

254 1313 366 1377 neque
385 1299 484 1377 signa
503 1293 607 1358 leturi
625 1293 796 1372 dicantur,
817 1293 900 1359 nihil
921 1301 957 1361 se
977 1302 1017 1361 ee
1035 1303 1071 1362 re
1090 1305 1319 1364 commoverit

254 1409 339 1468 scire
357 1402 459 1482 enim,
480 1401 756 1487 quibuscumque
775 1405 950 1470 exercitus
970 1405 1066 1472 dicte
1085 1407 1229 1474 audiens
1248 1413 1318 1472 nen

205 1534 236 1572 ιο
254 1509 367 1590 luerit,
387 1522 447 1576 aut
467 1511 555 1576 male
573 1518 609 1577 re
628 1519 730 1597 geste
748 1513 925 1579 lorttinam
944 1515 1102 1595 defuisse,
1122 1528 1183 1583 aut
1203 1501 1319 1602 aliqud

253 1619 405 1687 iacinore
424 1627 607 1705 comperte
626 1621 809 1688 averitiam
828 1646 902 1691 esse
921 1625 1135 1705 convictam3
1155 1648 1253 1694 suam
1272 1625 1321 1692 in-

252 1727 452 1795 nocentiam
465 1737 635 1815 perpetue
649 1737 732 1812 vite,
748 1732 952 1801 lelicitetem
967 1735 1214 1802 Helvetierum
1228 1736 1319 1802 belle

252 1861 326 1906 esse
343 1850 569 1924 perspectam.

323 1950 445 2033 Itaque
462 1955 510 2027 se,
529 1949 623 2035 quod
642 1949 676 2015 in
693 1951 890 2037 longierem
909 1952 1001 2019 diem
1020 1955 1219 2019 conlaturus
1239 1952 1319 2018 luis·

204 2076 232 2126 15
253 2069 315 2137 set,
330 2065 680 2144 repraesentetirrum,
696 2072 731 2128 et
745 2063 906 2146 proxime
920 2073 1023 2128 nocte
1038 2063 1081 2128 de
1094 2068 1218 2146 quarta
1231 2059 1318 2145 vigi·

252 2167 296 2233 lia
315 2179 428 2234 castra
448 2175 639 2249 meierum,
661 2181 700 2236 ut
722 2178 997 2256 quamprimum
1018 2171 1220 2254 intellegere
1241 2192 1320 2256 pos-

252 2286 303 2343 set
320 2288 440 2344 utrum
455 2280 548 2363 apud
564 2285 624 2345 ees
640 2280 754 2364 pudor
769 2291 875 2364 atque
891 2277 1045 2345 officium
1060 2300 1104 2344 an
1120 2277 1228 2344 timor
1243 2279 1320 2364 pitis

252 2387 392 2454 valeret.
438 2389 551 2474 'Quod
574 2395 602 2453 si
623 2395 800 2473 praeterere
821 2394 925 2454 neme
948 2393 1121 2473 sequetur,
1144 2399 1260 2454 tamen
1284 2395 1321 2454 se

250 2517 331 2562 cum
347 2497 420 2563 sele
435 2498 569 2564 decime
584 2497 722 2583 legiene
738 2496 880 2574 iterum,
898 2496 941 2562 de
957 2502 1111 2581 quentin
1129 2495 1315 2574 dubiteret,

107 2680 110 2689 ¹
202 2629 234 2666 20
251 2608 385 2692 sibique
407 2629 484 2674 eam
505 2607 716 2692 praeteriam
739 2605 920 2671 cohortem
943 2604 1104 2670 luteram.
1155 2605 1249 2671 Huic
1272 2604 1318 2670 le-

254 2717 352 2804 gieni
372 2717 499 2785 Caesar
518 2729 552 2785 et
574 2716 763 2782 indulserat
786 2714 970 2801 praecipue
990 2726 1024 2781 et
1046 2724 1191 2799 propter
1211 2715 1320 2781 virtti-

254 2840 326 2896 tem
339 2827 539 2896 cenfidebat
554 2825 715 2892 maxime.
1270 2813 1276 2825 ’

427 3037 451 3090 C
448 3053 556 3108 ourage
567 3038 594 3090 is
605 3033 733 3089 restored
741 3032 805 3087 and
813 3032 861 3086 the
872 3033 998 3086 Romans
1009 3029 1146 3083 advance.

192 3180 232 3247 41
324 3163 404 3229 Hac
428 3163 585 3228 eretiene
610 3161 727 3227 habite
751 3167 877 3226 mirum
902 3159 937 3223 in
961 3157 1108 3223 modum
1132 3173 1318 3220 conversae

253 3283 334 3338 sunt
356 3271 514 3337 omnium
535 3278 670 3337 mentes
691 3291 896 3353 summaque
917 3266 1075 3332 alacrites
1095 3275 1129 3331 et
1151 3262 1321 3348 cupiditas

202 3408 232 3458 ²5
253 3382 333 3446 belli
351 3380 494 3465 gerendi
513 3380 618 3445 inlata
636 3390 702 3458 est;
728 3385 956 3462 princepsque
977 3395 1000 3439 x
1021 3373 1114 3458 legii)
1134 3393 1195 3456 per
1214 3371 1320 3435 tribir-

253 3497 318 3556 nes
336 3489 486 3556 militum
505 3497 536 3555 ei
555 3487 685 3574 greties
703 3488 788 3574 egit,
809 3487 903 3572 quod
923 3486 967 3551 de
986 3491 1022 3551 se
1041 3481 1216 3568 optimum
1235 3477 1323 3544 iridi·

252 3599 344 3665 cium
359 3599 507 3676 iecisset,
525 3606 630 3684 seque
646 3621 718 3665 esse
733 3599 777 3664 ad
790 3598 921 3663 bellum
936 3595 1130 3681 gerendum
1146 3587 1320 3675 paretissi-

254 3731 346 3775 mam
368 3707 600 3775 ceniirmevit.
648 3707 783 3773 Deinde
806 3706 957 3791 reliquae
979 3703 1136 3789 legienes
1159 3721 1239 3765 curn
1262 3695 1320 3763 tri-

251 3819 353 3884 bimis
386 3818 538 3884 militum
570 3827 604 3883 et
638 3824 829 3902 primorum
863 3815 1026 3881 ordinum
1059 3805 1323 3879 centurienibus

203 3958 235 4006 30
254 3935 402 4014 egerunt
429 3933 479 3992 uti
506 3925 643 3993 Caesari
668 3924 916 3990 satisfacerent:
944 3921 989 3988 Se
1015 3941 1127 4004 neque
1154 3935 1321 4000 umquam
