3044 4442
525 343 642 395 LIBER
669 341 718 395 lll.
746 343 829 395 CAP.
858 354 969 412 14-15,
1241 360 1278 425 7¹

212 525 469 605 cagnoverant3
488 519 641 586 turribus
661 529 780 586 autem
800 520 964 587 excitatis
985 530 1102 587 tamen
1122 519 1184 588 has'
1202 521 1280 588 alti-

212 629 301 695 tude
317 628 486 714 puppium
502 651 547 696 ex
562 629 716 695 barbaris
732 629 878 696 navibus
893 630 1095 714 superabat3
1111 640 1151 696 ut
1167 627 1280 717 neque

212 760 257 805 ex
277 738 438 804 inferiore
459 740 537 805 loce
559 737 643 806 satis
665 740 852 806 commode
874 740 944 807 tela
964 739 1059 826 adigi
1079 751 1222 825 possent
1244 751 1279 808 et

211 847 316 914 missa
330 853 350 913 a
367 846 474 914 Gallis
488 849 630 934 gravius
645 849 853 916 acciderent.

281 939 362 1023 Una
375 968 449 1024 erat
464 964 595 1044 magno
610 963 687 1024 usui
700 964 754 1025 res
767 964 972 1044 praeparata
986 964 1006 1025 a
1021 965 1160 1038 nostris,
1176 959 1279 1026 lalces
1298 985 1312 1037 ς

212 1072 417 1151 praeacutae
438 1074 586 1135 insertae
608 1067 813 1153 adfixaeque
836 1067 1016 1152 longuriis,
1039 1074 1110 1133 nan
1133 1067 1280 1133 absimili

211 1175 322 1241 lorma
338 1175 521 1240 muralium
538 1175 686 1240 falcium.
728 1177 796 1242 His
811 1197 891 1242 cum
908 1176 1006 1242 limes
1022 1183 1081 1260 qui
1096 1183 1279 1244 antemnas

212 1285 255 1350 ad
280 1285 390 1351 males
414 1285 637 1351 destinabant
662 1286 905 1370 comprehensi
929 1285 1142 1370 adductique
1168 1297 1277 1365 erant,

210 1392 352 1479 navigio
394 1400 497 1460 remis
537 1393 684 1460 incitata
726 1393 1071 1480 praerumpebantur.
1140 1394 1279 1480 Quibus

210 1502 351 1568 abscisis
384 1513 570 1571 antemnae
603 1503 796 1570 necessaria
830 1503 1079 1582 concidebant;
1113 1516 1161 1584 ut,
1197 1526 1277 1570 cum
1299 1535 1330 1573 ιο

210 1612 323 1678 omnis
354 1611 493 1678 Gallicis
521 1612 667 1679 navibus
699 1620 777 1698 spes
806 1612 841 1679 in
872 1614 956 1679 velis
986 1619 1278 1698 armamentisque

209 1721 427 1801 consisteret,
442 1722 495 1787 his
509 1728 637 1807 ereptIs
651 1723 765 1788 omnis
778 1728 862 1789 rasus
876 1723 1017 1789 navium
1032 1729 1104 1788 ano
1119 1734 1278 1808 tempore
1342 1709 1346 1716 ¹

210 1830 411 1915 eriperetur.
460 1831 647 1916 Reliquum
672 1842 745 1897 erat
770 1837 948 1898 certamen
971 1831 1128 1917 positum
1151 1831 1186 1897 in
1211 1831 1277 1896 vir-

210 1946 298 2018 tute,
316 1947 385 2024 qua
402 1947 514 2006 nostri
532 1940 660 2007 milites
678 1940 776 2007 facile
793 1941 1003 2026 superabant
1021 1951 1129 2025 atque
1146 1946 1187 2006 ea
1206 1962 1277 2005 ma-

209 2049 272 2136 gis,
293 2051 387 2134 quod
407 2049 441 2114 in
461 2055 654 2135 conspecta
673 2050 828 2117 Caesaris
846 2061 951 2135 atque
971 2049 1084 2116 omnis
1104 2048 1277 2116 exercitas
1297 2073 1327 2123 15

211 2165 264 2225 res
289 2160 486 2245 gerebatur,
512 2170 551 2226 ut
577 2160 711 2226 nullum
735 2161 840 2246 paule
865 2159 989 2225 lortius
1013 2158 1145 2225 lactum
1169 2158 1277 2223 latere

209 2278 344 2354 posset;
360 2275 484 2335 omnes
501 2269 593 2335 enim
611 2270 717 2335 colles
734 2250 782 2335 ac*
792 2270 868 2335 loca
886 2267 1073 2354 superiera,
1092 2266 1184 2333 unde
1203 2275 1276 2331 erat

208 2377 426 2464 propinquus
442 2379 629 2464 despectus
646 2379 681 2444 in
697 2401 801 2458 mare,
819 2380 862 2444 ab
879 2376 1036 2444 exercitu
1055 2375 1275 2443 tenebantur.

339 2590 397 2645 The
412 2591 575 2644 Venetiam
585 2590 690 2653 beaten,
704 2588 769 2642 and
776 2588 830 2643 lose
842 2594 914 2642 most
925 2588 961 2660 qs
969 2585 1047 2641 their
1058 2586 1147 2657 ships.

280 2723 444 2802 Deiectis,
463 2733 501 2788 ut
519 2723 682 2799 diximus
702 2726 884 2798 antemnis,
903 2740 984 2786 cum
1003 2719 1157 2804 singulas
1176 2719 1276 2784 binae
1297 2736 1337 2804 15

208 2837 249 2898 ac
281 2843 400 2900 ternae
432 2837 538 2898 naves
569 2831 882 2908 circumsteterant,
916 2828 1042 2894 milites
1074 2835 1209 2894 summa
1242 2835 1276 2894 vi
1296 2856 1328 2894 κο

212 2943 454 3009 transcendere
478 2942 513 3007 in
538 2941 692 3007 hostium
719 2946 823 3006 naves
847 2938 1116 3005 contendebant.
1167 2936 1275 3021 Quod

208 3061 397 3136 postquam
428 3051 564 3116 barbari
594 3049 667 3116 fieri
697 3047 1030 3125 animadverterunt,
1062 3052 1277 3132 expugnans

208 3158 446 3245 compluribus
474 3159 630 3238 navibus,
659 3180 740 3224 cum
769 3164 800 3224 ei
827 3163 877 3222 rei
905 3156 1039 3221 millum
1068 3161 1278 3255 reperiretur

207 3269 386 3350 auxilium,
407 3269 491 3355 luga
511 3269 660 3335 salutern
681 3280 799 3352 petere
818 3265 1088 3333 contenderunt.
1133 3264 1187 3330 Ac
1207 3264 1276 3330 iam

208 3386 384 3446 conversis
406 3369 441 3444 iii
463 3400 540 3445 eam
562 3389 699 3465 partem
721 3376 867 3443 navibus
891 3381 961 3460 quo
983 3385 1110 3440 ventus
1133 3374 1274 3453 ferebat,
1294 3402 1326 3453 ας

208 3499 307 3555 tanta
339 3489 457 3556 subito
477 3488 621 3555 malacia
638 3494 678 3554 ac
697 3485 928 3571 tranquillitas
946 3483 1095 3563 exstitit,
1116 3493 1156 3549 ut
1176 3489 1212 3550 se
1231 3505 1276 3549 ex

209 3600 287 3666 loce
306 3605 447 3665 movere
464 3604 537 3664 nan
556 3606 708 3682 possent.
752 3595 853 3680 Quae
871 3592 1012 3679 quidem
1032 3599 1085 3659 res
1103 3592 1147 3658 ad
1166 3597 1274 3676 nege·

206 3707 295 3774 tium
310 3707 567 3774 conficiendum
582 3705 735 3772 maxime
750 3703 814 3769 luit
829 3707 1043 3788 opportuna;
1061 3722 1141 3766 nam
1158 3701 1276 3785 singu-

207 3815 257 3883 las
278 3822 390 3882 nostri
411 3820 606 3882 consectati
627 3818 931 3898 expugnaverunt,
955 3823 993 3878 ut
1015 3832 1209 3897 perpaucae
1231 3833 1275 3877 ex

206 3933 304 3992 omni
320 3931 467 3992 numero
483 3924 598 3991 noctis
614 3923 816 3990 interventu
834 3923 877 3988 ad
897 3933 1025 3988 terram
1042 3919 1273 4007 pervenirent,
1294 3947 1325 3995 30

373 4027 405 4078 10
