<?xml version="1.0" encoding="UTF-8"?>
<!DOCTYPE html PUBLIC "-//W3C//DTD XHTML 1.0 Transitional//EN"
    "http://www.w3.org/TR/xhtml1/DTD/xhtml1-transitional.dtd">
<html xmlns="http://www.w3.org/1999/xhtml" xml:lang="en" lang="en">
 <head>
  <title>
</title>
<meta http-equiv="Content-Type" content="text/html;charset=utf-8" />
  <meta name='ocr-system' content='tesseract 3.04.00' />
  <meta name='ocr-capabilities' content='ocr_page ocr_carea ocr_par ocr_line ocrx_word'/>
</head>
<body>
  <div class='ocr_page' id='page_1' title='image "./civlicaesarisde00westgoog_0231.png"; bbox 0 0 3044 4442; ppageno 0'>
   <div class='ocr_carea' id='block_1_1' title="bbox 507 351 1257 434">
    <p class='ocr_par' dir='ltr' id='par_1_1' title="bbox 507 351 1257 434">
     <span class='ocr_line' id='line_1_1' title="bbox 507 351 1257 434; baseline 0.007 -25"><span class='ocrx_word' id='word_1_1' title='bbox 507 351 624 410; x_wconf 82' lang='lat' dir='ltr'>LIBER</span> <span class='ocrx_word' id='word_1_2' title='bbox 650 351 684 412; x_wconf 87' lang='lat' dir='ltr'><strong>V.</strong></span> <span class='ocrx_word' id='word_1_3' title='bbox 711 353 795 410; x_wconf 82' lang='lat' dir='ltr'>CAP.</span> <span class='ocrx_word' id='word_1_4' title='bbox 820 363 932 423; x_wconf 82' lang='lat'><strong>29-32.</strong></span> <span class='ocrx_word' id='word_1_5' title='bbox 1200 364 1257 434; x_wconf 84' lang='lat'><strong>123</strong></span> 
     </span>
    </p>
   </div>
   <div class='ocr_carea' id='block_1_2' title="bbox 188 511 1316 1658">
    <p class='ocr_par' dir='ltr' id='par_1_2' title="bbox 421 511 1022 585">
     <span class='ocr_line' id='line_1_2' title="bbox 421 511 1022 585; baseline -0.005 -17"><span class='ocrx_word' id='word_1_6' title='bbox 421 514 503 568; x_wconf 82' lang='lat' dir='ltr'><strong>Cotta</strong></span> <span class='ocrx_word' id='word_1_7' title='bbox 509 514 604 585; x_wconf 75' lang='lat' dir='ltr'><strong>yt&#39;eldr</strong></span> <span class='ocrx_word' id='word_1_8' title='bbox 616 519 644 568; x_wconf 85' lang='lat' dir='ltr'><strong>to</strong></span> <span class='ocrx_word' id='word_1_9' title='bbox 656 513 705 568; x_wconf 82' lang='lat' dir='ltr'><strong>the</strong></span> <span class='ocrx_word' id='word_1_10' title='bbox 716 515 832 584; x_wconf 61' lang='lat' dir='ltr'><strong>opinabar</strong></span> <span class='ocrx_word' id='word_1_11' title='bbox 845 513 880 585; x_wconf 84' lang='lat' dir='ltr'><strong>of</strong></span> <span class='ocrx_word' id='word_1_12' title='bbox 890 511 1022 566; x_wconf 72' lang='lat' dir='ltr'><strong>Sabtirus.</strong></span> 
     </span>
    </p>

    <p class='ocr_par' dir='ltr' id='par_1_3' title="bbox 188 610 1316 1658">
     <span class='ocr_line' id='line_1_3' title="bbox 259 610 1316 698; baseline -0.004 -21"><span class='ocrx_word' id='word_1_13' title='bbox 259 610 338 679; x_wconf 92' lang='lat' dir='ltr'><strong>Hac</strong></span> <span class='ocrx_word' id='word_1_14' title='bbox 359 613 392 678; x_wconf 92' lang='lat' dir='ltr'><strong>in</strong></span> <span class='ocrx_word' id='word_1_15' title='bbox 413 624 596 698; x_wconf 90' lang='lat' dir='ltr'><strong>utramque</strong></span> <span class='ocrx_word' id='word_1_16' title='bbox 617 624 750 698; x_wconf 88' lang='lat' dir='ltr'><strong>partem</strong></span> <span class='ocrx_word' id='word_1_17' title='bbox 770 613 1006 697; x_wconf 82' lang='lat' dir='ltr'><strong>disputatione</strong></span> <span class='ocrx_word' id='word_1_18' title='bbox 1026 610 1153 687; x_wconf 86' lang='lat' dir='ltr'><strong>habita,</strong></span> <span class='ocrx_word' id='word_1_19' title='bbox 1175 630 1255 675; x_wconf 92' lang='lat' dir='ltr'><strong>cum</strong></span> <span class='ocrx_word' id='word_1_20' title='bbox 1274 623 1316 688; x_wconf 85' lang='lat'><strong>30</strong></span> 
     </span>
     <span class='ocr_line' id='line_1_4' title="bbox 188 718 1256 806; baseline -0.007 -18"><span class='ocrx_word' id='word_1_21' title='bbox 188 728 209 788; x_wconf 95' lang='lat' dir='ltr'><strong>a</strong></span> <span class='ocrx_word' id='word_1_22' title='bbox 227 721 331 788; x_wconf 89' lang='lat' dir='ltr'><strong>Cotta</strong></span> <span class='ocrx_word' id='word_1_23' title='bbox 348 727 536 806; x_wconf 76' lang='lat' dir='ltr'>primisque</span> <span class='ocrx_word' id='word_1_24' title='bbox 554 722 734 787; x_wconf 82' lang='lat' dir='ltr'><strong>ordinibus</strong></span> <span class='ocrx_word' id='word_1_25' title='bbox 751 721 875 788; x_wconf 88' lang='lat' dir='ltr'><strong>acriter</strong></span> <span class='ocrx_word' id='word_1_26' title='bbox 892 721 1118 796; x_wconf 80' lang='lat' dir='ltr'><strong>resisteretur,</strong></span> <span class='ocrx_word' id='word_1_27' title='bbox 1138 719 1156 744; x_wconf 92' lang='lat'><strong>“</strong></span> <span class='ocrx_word' id='word_1_28' title='bbox 1170 718 1256 784; x_wconf 87' lang='lat' dir='ltr'><strong>Vin-</strong></span> 
     </span>
     <span class='ocr_line' id='line_1_5' title="bbox 190 828 1254 916; baseline -0.005 -20"><span class='ocrx_word' id='word_1_29' title='bbox 190 831 290 909; x_wconf 86' lang='lat' dir='ltr'><strong>cite,&#39;&#39;</strong></span> <span class='ocrx_word' id='word_1_30' title='bbox 306 831 428 916; x_wconf 89' lang='lat' dir='ltr'><strong>inquit,</strong></span> <span class='ocrx_word' id='word_1_31' title='bbox 444 831 498 896; x_wconf 87' lang='lat' dir='ltr'><strong>“si</strong></span> <span class='ocrx_word' id='word_1_32' title='bbox 512 831 559 897; x_wconf 88' lang='lat' dir='ltr'><strong>ita</strong></span> <span class='ocrx_word' id='word_1_33' title='bbox 573 830 710 908; x_wconf 90' lang='lat' dir='ltr'><strong>vultis,&#39;&#39;</strong></span> <span class='ocrx_word' id='word_1_34' title='bbox 726 830 885 908; x_wconf 87' lang='lat' dir='ltr'><strong>Sabinus,</strong></span> <span class='ocrx_word' id='word_1_35' title='bbox 901 840 934 896; x_wconf 87' lang='lat' dir='ltr'><strong>et</strong></span> <span class='ocrx_word' id='word_1_36' title='bbox 949 830 983 894; x_wconf 87' lang='lat' dir='ltr'><strong>id</strong></span> <span class='ocrx_word' id='word_1_37' title='bbox 999 828 1142 895; x_wconf 81' lang='lat' dir='ltr'><strong>clariore</strong></span> <span class='ocrx_word' id='word_1_38' title='bbox 1158 833 1254 904; x_wconf 83' lang='lat' dir='ltr'><strong>voce,</strong></span> 
     </span>
     <span class='ocr_line' id='line_1_6' title="bbox 190 934 1257 1024; baseline -0.007 -19"><span class='ocrx_word' id='word_1_39' title='bbox 190 949 227 1005; x_wconf 92' lang='lat' dir='ltr'><strong>ut</strong></span> <span class='ocrx_word' id='word_1_40' title='bbox 245 946 374 1024; x_wconf 89' lang='lat' dir='ltr'><strong>magna</strong></span> <span class='ocrx_word' id='word_1_41' title='bbox 391 961 469 1024; x_wconf 92' lang='lat' dir='ltr'><strong>pars</strong></span> <span class='ocrx_word' id='word_1_42' title='bbox 487 939 636 1004; x_wconf 89' lang='lat' dir='ltr'><strong>militum</strong></span> <span class='ocrx_word' id='word_1_43' title='bbox 654 940 849 1018; x_wconf 77' lang='lat' dir='ltr'><strong>exaudtret;</strong></span> <span class='ocrx_word' id='word_1_44' title='bbox 868 939 1013 1022; x_wconf 89' lang='lat' dir='ltr'><strong>“neque</strong></span> <span class='ocrx_word' id='word_1_45' title='bbox 1032 937 1059 1001; x_wconf 94' lang='lat' dir='ltr'><strong>is</strong></span> <span class='ocrx_word' id='word_1_46' title='bbox 1077 934 1187 1014; x_wconf 89' lang='lat' dir='ltr'><strong>sum,&#39;&#39;</strong></span> <span class='ocrx_word' id='word_1_47' title='bbox 1207 936 1257 999; x_wconf 94' lang='lat' dir='ltr'><strong>in-</strong></span> 
     </span>
     <span class='ocr_line' id='line_1_7' title="bbox 190 1045 1290 1133; baseline -0.006 -19"><span class='ocrx_word' id='word_1_48' title='bbox 190 1049 275 1132; x_wconf 86' lang='lat' dir='ltr'><strong>quit,</strong></span> <span class='ocrx_word' id='word_1_49' title='bbox 295 1049 313 1074; x_wconf 84' lang='lat'><strong>‘⁴</strong></span> <span class='ocrx_word' id='word_1_50' title='bbox 328 1055 387 1132; x_wconf 88' lang='lat' dir='ltr'><strong>qui</strong></span> <span class='ocrx_word' id='word_1_51' title='bbox 405 1047 607 1133; x_wconf 82' lang='lat' dir='ltr'><strong>gravissime</strong></span> <span class='ocrx_word' id='word_1_52' title='bbox 625 1069 669 1112; x_wconf 90' lang='lat' dir='ltr'><strong>ex</strong></span> <span class='ocrx_word' id='word_1_53' title='bbox 688 1049 787 1112; x_wconf 81' lang='lat' dir='ltr'><strong>vobis</strong></span> <span class='ocrx_word' id='word_1_54' title='bbox 804 1046 927 1112; x_wconf 90' lang='lat' dir='ltr'><strong>mortis</strong></span> <span class='ocrx_word' id='word_1_55' title='bbox 945 1045 1098 1130; x_wconf 82' lang='lat' dir='ltr'><strong>periculo</strong></span> <span class='ocrx_word' id='word_1_56' title='bbox 1118 1054 1255 1110; x_wconf 88' lang='lat' dir='ltr'><strong>terrear.</strong></span> <span class='ocrx_word' id='word_1_57' title='bbox 1277 1067 1290 1116; x_wconf 82' lang='lat'><strong>5</strong></span> 
     </span>
     <span class='ocr_line' id='line_1_8' title="bbox 192 1153 1256 1242; baseline -0.005 -21"><span class='ocrx_word' id='word_1_58' title='bbox 192 1156 242 1222; x_wconf 88' lang='lat' dir='ltr'><strong>Hi</strong></span> <span class='ocrx_word' id='word_1_59' title='bbox 263 1157 395 1242; x_wconf 90' lang='lat' dir='ltr'><strong>sapient</strong></span> <span class='ocrx_word' id='word_1_60' title='bbox 403 1179 410 1236; x_wconf 92' lang='lat'>;</span> <span class='ocrx_word' id='word_1_61' title='bbox 433 1163 461 1221; x_wconf 89' lang='lat' dir='ltr'><strong>si</strong></span> <span class='ocrx_word' id='word_1_62' title='bbox 483 1155 623 1241; x_wconf 89' lang='lat' dir='ltr'><strong>gravius</strong></span> <span class='ocrx_word' id='word_1_63' title='bbox 645 1155 728 1239; x_wconf 90' lang='lat' dir='ltr'><strong>quid</strong></span> <span class='ocrx_word' id='word_1_64' title='bbox 750 1153 923 1232; x_wconf 91' lang='lat' dir='ltr'><strong>acciderit,</strong></span> <span class='ocrx_word' id='word_1_65' title='bbox 946 1155 1063 1220; x_wconf 82' lang='lat' dir='ltr'><strong>abste</strong></span> <span class='ocrx_word' id='word_1_66' title='bbox 1086 1153 1256 1219; x_wconf 83' lang='lat' dir='ltr'><strong>rationem</strong></span> 
     </span>
     <span class='ocr_line' id='line_1_9' title="bbox 191 1261 1256 1350; baseline -0.006 -19"><span class='ocrx_word' id='word_1_67' title='bbox 191 1276 389 1350; x_wconf 89' lang='lat' dir='ltr'><strong>reposcent;</strong></span> <span class='ocrx_word' id='word_1_68' title='bbox 403 1271 472 1349; x_wconf 89' lang='lat' dir='ltr'><strong>qui,</strong></span> <span class='ocrx_word' id='word_1_69' title='bbox 486 1271 513 1328; x_wconf 90' lang='lat' dir='ltr'><strong>si</strong></span> <span class='ocrx_word' id='word_1_70' title='bbox 527 1270 634 1348; x_wconf 80' lang='lat' dir='ltr'><strong>perte</strong></span> <span class='ocrx_word' id='word_1_71' title='bbox 648 1263 757 1340; x_wconf 86' lang='lat' dir='ltr'><strong>liceat,</strong></span> <span class='ocrx_word' id='word_1_72' title='bbox 772 1263 963 1346; x_wconf 75' lang='lat' dir='ltr'><strong>perendina</strong></span> <span class='ocrx_word' id='word_1_73' title='bbox 976 1262 1031 1328; x_wconf 78' lang='lat' dir='ltr'><strong>die</strong></span> <span class='ocrx_word' id='word_1_74' title='bbox 1045 1283 1126 1327; x_wconf 92' lang='lat' dir='ltr'><strong>cum</strong></span> <span class='ocrx_word' id='word_1_75' title='bbox 1140 1261 1256 1346; x_wconf 90' lang='lat' dir='ltr'><strong>proxi-</strong></span> 
     </span>
     <span class='ocr_line' id='line_1_10' title="bbox 190 1371 1257 1454; baseline -0.004 -16"><span class='ocrx_word' id='word_1_76' title='bbox 190 1381 255 1439; x_wconf 85' lang='lat' dir='ltr'><strong>mis</strong></span> <span class='ocrx_word' id='word_1_77' title='bbox 281 1375 432 1440; x_wconf 85' lang='lat' dir='ltr'><strong>hibernis</strong></span> <span class='ocrx_word' id='word_1_78' title='bbox 456 1373 633 1439; x_wconf 80' lang='lat' dir='ltr'><strong>coniuncti</strong></span> <span class='ocrx_word' id='word_1_79' title='bbox 658 1377 883 1437; x_wconf 81' lang='lat' dir='ltr'><strong>communem</strong></span> <span class='ocrx_word' id='word_1_80' title='bbox 908 1392 988 1436; x_wconf 91' lang='lat' dir='ltr'><strong>cum</strong></span> <span class='ocrx_word' id='word_1_81' title='bbox 1013 1371 1152 1454; x_wconf 89' lang='lat' dir='ltr'><strong>reliquis</strong></span> <span class='ocrx_word' id='word_1_82' title='bbox 1177 1371 1257 1436; x_wconf 86' lang='lat' dir='ltr'><strong>belli</strong></span> 
     </span>
     <span class='ocr_line' id='line_1_11' title="bbox 190 1480 1257 1566; baseline -0.002 -18"><span class='ocrx_word' id='word_1_83' title='bbox 190 1489 308 1548; x_wconf 90' lang='lat' dir='ltr'><strong>casum</strong></span> <span class='ocrx_word' id='word_1_84' title='bbox 325 1482 528 1559; x_wconf 84' lang='lat' dir='ltr'><strong>sustineant,</strong></span> <span class='ocrx_word' id='word_1_85' title='bbox 544 1488 615 1547; x_wconf 78' lang='lat' dir='ltr'><strong>nan</strong></span> <span class='ocrx_word' id='word_1_86' title='bbox 632 1481 749 1546; x_wconf 59' lang='lat' dir='ltr'><strong>reiecti</strong></span> <span class='ocrx_word' id='word_1_87' title='bbox 765 1491 799 1545; x_wconf 93' lang='lat' dir='ltr'><strong>et</strong></span> <span class='ocrx_word' id='word_1_88' title='bbox 817 1480 960 1564; x_wconf 80' lang='lat' dir='ltr'><strong>relegati</strong></span> <span class='ocrx_word' id='word_1_89' title='bbox 977 1481 1082 1566; x_wconf 79' lang='lat' dir='ltr'><strong>longe</strong></span> <span class='ocrx_word' id='word_1_90' title='bbox 1098 1486 1119 1546; x_wconf 90' lang='lat' dir='ltr'><strong>a</strong></span> <span class='ocrx_word' id='word_1_91' title='bbox 1134 1486 1257 1546; x_wconf 78' lang='lat' dir='ltr'><strong>ceteris</strong></span> 
     </span>
     <span class='ocr_line' id='line_1_12' title="bbox 190 1587 1308 1658; baseline -0.004 0"><span class='ocrx_word' id='word_1_92' title='bbox 190 1603 249 1658; x_wconf 90' lang='lat' dir='ltr'><strong>aut</strong></span> <span class='ocrx_word' id='word_1_93' title='bbox 265 1592 356 1658; x_wconf 77' lang='lat' dir='ltr'><strong>ferra</strong></span> <span class='ocrx_word' id='word_1_94' title='bbox 372 1600 430 1657; x_wconf 91' lang='lat' dir='ltr'><strong>aut</strong></span> <span class='ocrx_word' id='word_1_95' title='bbox 446 1591 536 1656; x_wconf 86' lang='lat' dir='ltr'><strong>fame</strong></span> <span class='ocrx_word' id='word_1_96' title='bbox 553 1587 756 1655; x_wconf 88' lang='lat' dir='ltr'><strong>intereant.&#39;’</strong></span> <span class='ocrx_word' id='word_1_97' title='bbox 1278 1619 1308 1654; x_wconf 88' lang='grc' dir='ltr'><strong>ιο</strong></span> 
     </span>
    </p>
   </div>
   <div class='ocr_carea' id='block_1_3' title="bbox 440 1725 1009 1799">
    <p class='ocr_par' dir='ltr' id='par_1_4' title="bbox 440 1725 1009 1799">
     <span class='ocr_line' id='line_1_13' title="bbox 440 1725 1009 1799; baseline -0.005 -17"><span class='ocrx_word' id='word_1_98' title='bbox 440 1729 468 1782; x_wconf 88' lang='grc' dir='ltr'><em>Τ</em></span> <span class='ocrx_word' id='word_1_99' title='bbox 463 1727 499 1782; x_wconf 77' lang='lat' dir='ltr'><strong>he</strong></span> <span class='ocrx_word' id='word_1_100' title='bbox 509 1728 637 1782; x_wconf 84' lang='lat' dir='ltr'><strong>Romans</strong></span> <span class='ocrx_word' id='word_1_101' title='bbox 648 1726 750 1781; x_wconf 82' lang='lat' dir='ltr'><strong>march</strong></span> <span class='ocrx_word' id='word_1_102' title='bbox 757 1727 843 1799; x_wconf 84' lang='lat' dir='ltr'><strong>from</strong></span> <span class='ocrx_word' id='word_1_103' title='bbox 856 1725 905 1779; x_wconf 77' lang='lat' dir='ltr'><strong>the</strong></span> <span class='ocrx_word' id='word_1_104' title='bbox 915 1729 1009 1795; x_wconf 75' lang='lat' dir='ltr'><strong>camp.</strong></span> 
     </span>
    </p>
   </div>
   <div class='ocr_carea' id='block_1_4' title="bbox 190 1832 1313 2244">
    <p class='ocr_par' dir='ltr' id='par_1_5' title="bbox 190 1832 1313 2244">
     <span class='ocr_line' id='line_1_14' title="bbox 258 1832 1313 1919; baseline 0 -19"><span class='ocrx_word' id='word_1_105' title='bbox 258 1832 492 1919; x_wconf 81' lang='lat' dir='ltr'><strong>Consurgitur</strong></span> <span class='ocrx_word' id='word_1_106' title='bbox 508 1857 552 1900; x_wconf 85' lang='lat' dir='ltr'><strong>ex</strong></span> <span class='ocrx_word' id='word_1_107' title='bbox 570 1833 730 1912; x_wconf 78' lang='lat' dir='ltr'><strong>consili6;</strong></span> <span class='ocrx_word' id='word_1_108' title='bbox 748 1832 1050 1918; x_wconf 87' lang='lat' dir='ltr'><strong>comprehendunt</strong></span> <span class='ocrx_word' id='word_1_109' title='bbox 1069 1842 1256 1915; x_wconf 88' lang='lat' dir='ltr'><strong>utrumque</strong></span> <span class='ocrx_word' id='word_1_110' title='bbox 1273 1850 1313 1915; x_wconf 84' lang='lat'><strong>31</strong></span> 
     </span>
     <span class='ocr_line' id='line_1_15' title="bbox 190 1941 1256 2027; baseline -0.005 -18"><span class='ocrx_word' id='word_1_111' title='bbox 190 1954 224 2009; x_wconf 89' lang='lat' dir='ltr'><strong>et</strong></span> <span class='ocrx_word' id='word_1_112' title='bbox 243 1949 355 2021; x_wconf 83' lang='lat' dir='ltr'><strong>orant,</strong></span> <span class='ocrx_word' id='word_1_113' title='bbox 375 1949 418 2009; x_wconf 78' lang='lat' dir='ltr'><strong>ne</strong></span> <span class='ocrx_word' id='word_1_114' title='bbox 438 1949 499 2008; x_wconf 88' lang='lat' dir='ltr'><strong>sua</strong></span> <span class='ocrx_word' id='word_1_115' title='bbox 519 1943 732 2009; x_wconf 72' lang='lat' dir='ltr'><strong>dissansir&#39;me</strong></span> <span class='ocrx_word' id='word_1_116' title='bbox 753 1954 787 2008; x_wconf 86' lang='lat' dir='ltr'><strong>et</strong></span> <span class='ocrx_word' id='word_1_117' title='bbox 806 1941 996 2027; x_wconf 89' lang='lat' dir='ltr'><strong>pertinacia</strong></span> <span class='ocrx_word' id='word_1_118' title='bbox 1015 1962 1089 2006; x_wconf 86' lang='lat' dir='ltr'><strong>rem</strong></span> <span class='ocrx_word' id='word_1_119' title='bbox 1109 1941 1143 2005; x_wconf 93' lang='lat' dir='ltr'><strong>in</strong></span> <span class='ocrx_word' id='word_1_120' title='bbox 1164 1961 1256 2005; x_wconf 92' lang='lat' dir='ltr'><strong>sum-</strong></span> 
     </span>
     <span class='ocr_line' id='line_1_16' title="bbox 190 2050 1256 2136; baseline -0.003 -20"><span class='ocrx_word' id='word_1_121' title='bbox 190 2073 286 2117; x_wconf 94' lang='lat' dir='ltr'><strong>mum</strong></span> <span class='ocrx_word' id='word_1_122' title='bbox 311 2053 502 2136; x_wconf 91' lang='lat' dir='ltr'><strong>periculum</strong></span> <span class='ocrx_word' id='word_1_123' title='bbox 525 2050 714 2130; x_wconf 77' lang='lat' dir='ltr'><strong>daducant;</strong></span> <span class='ocrx_word' id='word_1_124' title='bbox 737 2050 871 2116; x_wconf 78' lang='lat' dir='ltr'><strong>facilem</strong></span> <span class='ocrx_word' id='word_1_125' title='bbox 895 2071 969 2115; x_wconf 87' lang='lat' dir='ltr'><strong>esse</strong></span> <span class='ocrx_word' id='word_1_126' title='bbox 993 2071 1077 2126; x_wconf 92' lang='lat' dir='ltr'><strong>rem,</strong></span> <span class='ocrx_word' id='word_1_127' title='bbox 1101 2071 1160 2115; x_wconf 93' lang='lat' dir='ltr'><strong>seu</strong></span> <span class='ocrx_word' id='word_1_128' title='bbox 1185 2070 1256 2113; x_wconf 92' lang='lat' dir='ltr'><strong>ma-</strong></span> 
     </span>
     <span class='ocr_line' id='line_1_17' title="bbox 190 2149 1257 2244; baseline -0.001 -19"><span class='ocrx_word' id='word_1_129' title='bbox 190 2171 304 2238; x_wconf 86' lang='lat' dir='ltr'><strong>neant,</strong></span> <span class='ocrx_word' id='word_1_130' title='bbox 318 2181 379 2226; x_wconf 92' lang='lat' dir='ltr'><strong>seu</strong></span> <span class='ocrx_word' id='word_1_131' title='bbox 394 2160 667 2244; x_wconf 84' lang='lat' dir='ltr'><strong>proficiscantur,</strong></span> <span class='ocrx_word' id='word_1_132' title='bbox 682 2165 709 2224; x_wconf 87' lang='lat' dir='ltr'><strong>si</strong></span> <span class='ocrx_word' id='word_1_133' title='bbox 721 2149 831 2224; x_wconf 75' lang='lat' dir='ltr'><strong>&#39;morlo</strong></span> <span class='ocrx_word' id='word_1_134' title='bbox 845 2164 954 2224; x_wconf 80' lang='lat' dir='ltr'><strong>unum</strong></span> <span class='ocrx_word' id='word_1_135' title='bbox 969 2164 1093 2224; x_wconf 80' lang='lat' dir='ltr'><strong>omnes</strong></span> <span class='ocrx_word' id='word_1_136' title='bbox 1107 2157 1257 2224; x_wconf 86' lang='lat' dir='ltr'>sentiant</span> 
     </span>
    </p>
   </div>
   <div class='ocr_carea' id='block_1_5' title="bbox 189 2268 1307 3782">
    <p class='ocr_par' dir='ltr' id='par_1_6' title="bbox 189 2268 1307 3782">
     <span class='ocr_line' id='line_1_18' title="bbox 190 2268 1305 2353; baseline -0.005 -18"><span class='ocrx_word' id='word_1_137' title='bbox 190 2275 230 2335; x_wconf 92' lang='lat' dir='ltr'><strong>ac</strong></span> <span class='ocrx_word' id='word_1_138' title='bbox 255 2270 418 2353; x_wconf 88' lang='lat' dir='ltr'><strong>probent;</strong></span> <span class='ocrx_word' id='word_1_139' title='bbox 444 2275 567 2333; x_wconf 92' lang='lat' dir='ltr'><strong>contra</strong></span> <span class='ocrx_word' id='word_1_140' title='bbox 591 2268 626 2332; x_wconf 92' lang='lat' dir='ltr'><strong>in</strong></span> <span class='ocrx_word' id='word_1_141' title='bbox 651 2268 865 2334; x_wconf 76' lang='lat' dir='ltr'><strong>dissensiane</strong></span> <span class='ocrx_word' id='word_1_142' title='bbox 892 2269 1021 2333; x_wconf 81' lang='lat' dir='ltr'><strong>nt&#39;rllam</strong></span> <span class='ocrx_word' id='word_1_143' title='bbox 1048 2273 1085 2333; x_wconf 76' lang='lat' dir='ltr'><strong>se</strong></span> <span class='ocrx_word' id='word_1_144' title='bbox 1110 2268 1305 2343; x_wconf 77' lang='lat' dir='ltr'><strong>salatem15</strong></span> 
     </span>
     <span class='ocr_line' id='line_1_19' title="bbox 190 2377 1256 2463; baseline -0.002 -20"><span class='ocrx_word' id='word_1_145' title='bbox 190 2377 392 2462; x_wconf 86' lang='lat' dir='ltr'><strong>perspicere.</strong></span> <span class='ocrx_word' id='word_1_146' title='bbox 443 2377 513 2442; x_wconf 73' lang='lat' dir='ltr'><strong>Ras</strong></span> <span class='ocrx_word' id='word_1_147' title='bbox 532 2377 767 2461; x_wconf 76' lang='lat' dir='ltr'><strong>disputatiane</strong></span> <span class='ocrx_word' id='word_1_148' title='bbox 786 2377 830 2443; x_wconf 88' lang='lat' dir='ltr'><strong>ad</strong></span> <span class='ocrx_word' id='word_1_149' title='bbox 849 2377 1000 2443; x_wconf 89' lang='lat' dir='ltr'><strong>mediam</strong></span> <span class='ocrx_word' id='word_1_150' title='bbox 1021 2389 1161 2444; x_wconf 88' lang='lat' dir='ltr'><strong>noctem</strong></span> <span class='ocrx_word' id='word_1_151' title='bbox 1182 2399 1256 2463; x_wconf 92' lang='lat' dir='ltr'><strong>per-</strong></span> 
     </span>
     <span class='ocr_line' id='line_1_20' title="bbox 190 2485 1255 2572; baseline 0.001 -20"><span class='ocrx_word' id='word_1_152' title='bbox 190 2485 339 2552; x_wconf 78' lang='lat' dir='ltr'><strong>ducitur.</strong></span> <span class='ocrx_word' id='word_1_153' title='bbox 388 2486 547 2551; x_wconf 87' lang='lat' dir='ltr'><strong>Tandem</strong></span> <span class='ocrx_word' id='word_1_154' title='bbox 570 2487 630 2552; x_wconf 89' lang='lat' dir='ltr'><strong>dat</strong></span> <span class='ocrx_word' id='word_1_155' title='bbox 655 2485 765 2552; x_wconf 91' lang='lat' dir='ltr'><strong>Cotta</strong></span> <span class='ocrx_word' id='word_1_156' title='bbox 788 2493 969 2571; x_wconf 75' lang='lat' dir='ltr'><strong>permatus</strong></span> <span class='ocrx_word' id='word_1_157' title='bbox 992 2493 1130 2553; x_wconf 75' lang='lat' dir='ltr'><strong>manas:</strong></span> <span class='ocrx_word' id='word_1_158' title='bbox 1155 2509 1255 2572; x_wconf 92' lang='lat' dir='ltr'><strong>supe-</strong></span> 
     </span>
     <span class='ocr_line' id='line_1_21' title="bbox 189 2593 1253 2681; baseline 0.003 -22"><span class='ocrx_word' id='word_1_159' title='bbox 189 2606 241 2660; x_wconf 91' lang='lat' dir='ltr'><strong>rat</strong></span> <span class='ocrx_word' id='word_1_160' title='bbox 260 2595 434 2661; x_wconf 87' lang='lat' dir='ltr'><strong>sententia</strong></span> <span class='ocrx_word' id='word_1_161' title='bbox 453 2593 581 2661; x_wconf 87' lang='lat' dir='ltr'><strong>Sabini.</strong></span> <span class='ocrx_word' id='word_1_162' title='bbox 632 2595 888 2662; x_wconf 76' lang='lat' dir='ltr'><strong>Pranuntiatur</strong></span> <span class='ocrx_word' id='word_1_163' title='bbox 907 2603 1018 2681; x_wconf 87' lang='lat' dir='ltr'><strong>prima</strong></span> <span class='ocrx_word' id='word_1_164' title='bbox 1038 2597 1114 2662; x_wconf 79' lang='lat' dir='ltr'><strong>luce</strong></span> <span class='ocrx_word' id='word_1_165' title='bbox 1134 2595 1253 2662; x_wconf 79' lang='lat' dir='ltr'><strong>ituros</strong></span> 
     </span>
     <span class='ocr_line' id='line_1_22' title="bbox 191 2702 1256 2790; baseline 0 -20"><span class='ocrx_word' id='word_1_166' title='bbox 191 2702 419 2770; x_wconf 79' lang='lat' dir='ltr'><strong>Consumitur</strong></span> <span class='ocrx_word' id='word_1_167' title='bbox 439 2703 565 2788; x_wconf 86' lang='lat' dir='ltr'><strong>vigiliis</strong></span> <span class='ocrx_word' id='word_1_168' title='bbox 585 2703 716 2787; x_wconf 89' lang='lat' dir='ltr'><strong>reliqua</strong></span> <span class='ocrx_word' id='word_1_169' title='bbox 736 2725 814 2788; x_wconf 88' lang='lat' dir='ltr'><strong>pars</strong></span> <span class='ocrx_word' id='word_1_170' title='bbox 835 2705 959 2783; x_wconf 72' lang='lat' dir='ltr'><strong>noctis</strong></span> <span class='ocrx_word' id='word_1_171' title='bbox 981 2727 1061 2770; x_wconf 94' lang='lat' dir='ltr'><strong>curn</strong></span> <span class='ocrx_word' id='word_1_172' title='bbox 1083 2727 1144 2771; x_wconf 90' lang='lat' dir='ltr'><strong>sua</strong></span> <span class='ocrx_word' id='word_1_173' title='bbox 1164 2705 1256 2790; x_wconf 90' lang='lat' dir='ltr'><strong>quis-</strong></span> 
     </span>
     <span class='ocr_line' id='line_1_23' title="bbox 190 2811 1307 2900; baseline 0.002 -23"><span class='ocrx_word' id='word_1_174' title='bbox 190 2833 258 2896; x_wconf 88' lang='lat' dir='ltr'><strong>que</strong></span> <span class='ocrx_word' id='word_1_175' title='bbox 280 2812 378 2877; x_wconf 86' lang='lat' dir='ltr'><strong>miles</strong></span> <span class='ocrx_word' id='word_1_176' title='bbox 401 2811 691 2896; x_wconf 86' lang='lat' dir='ltr'><strong>circumspiceret,</strong></span> <span class='ocrx_word' id='word_1_177' title='bbox 715 2814 799 2898; x_wconf 91' lang='lat' dir='ltr'><strong>quid</strong></span> <span class='ocrx_word' id='word_1_178' title='bbox 822 2821 940 2881; x_wconf 77' lang='lat' dir='ltr'><strong>secum</strong></span> <span class='ocrx_word' id='word_1_179' title='bbox 965 2821 1104 2900; x_wconf 90' lang='lat' dir='ltr'><strong>portare</strong></span> <span class='ocrx_word' id='word_1_180' title='bbox 1128 2825 1256 2899; x_wconf 87' lang='lat' dir='ltr'><strong>posset,</strong></span> <span class='ocrx_word' id='word_1_181' title='bbox 1275 2841 1307 2880; x_wconf 81' lang='lat'><strong>20</strong></span> 
     </span>
     <span class='ocr_line' id='line_1_24' title="bbox 189 2921 1255 3008; baseline 0.002 -22"><span class='ocrx_word' id='word_1_182' title='bbox 189 2921 272 3005; x_wconf 90' lang='lat' dir='ltr'><strong>quid</strong></span> <span class='ocrx_word' id='word_1_183' title='bbox 290 2942 334 2986; x_wconf 87' lang='lat' dir='ltr'><strong>ex</strong></span> <span class='ocrx_word' id='word_1_184' title='bbox 352 2926 585 2987; x_wconf 77' lang='lat' dir='ltr'><strong>instrfimento</strong></span> <span class='ocrx_word' id='word_1_185' title='bbox 604 2922 829 2989; x_wconf 82' lang='lat' dir='ltr'><strong>hibernorum</strong></span> <span class='ocrx_word' id='word_1_186' title='bbox 849 2924 1042 3008; x_wconf 86' lang='lat' dir='ltr'><strong>relinquere</strong></span> <span class='ocrx_word' id='word_1_187' title='bbox 1060 2930 1255 3008; x_wconf 76' lang='lat' dir='ltr'><strong>cageratur.</strong></span> 
     </span>
     <span class='ocr_line' id='line_1_25' title="bbox 195 3029 1257 3116; baseline 0 -20"><span class='ocrx_word' id='word_1_188' title='bbox 195 3029 343 3113; x_wconf 88' lang='lat' dir='ltr'><strong>[Omnia</strong></span> <span class='ocrx_word' id='word_1_189' title='bbox 357 3029 604 3114; x_wconf 65' lang='lat' dir='ltr'><strong>excogitantur</strong></span> <span class='ocrx_word' id='word_1_190' title='bbox 617 3037 724 3114; x_wconf 77' lang='lat' dir='ltr'><strong>quare</strong></span> <span class='ocrx_word' id='word_1_191' title='bbox 739 3053 802 3098; x_wconf 91' lang='lat' dir='ltr'><strong>nec</strong></span> <span class='ocrx_word' id='word_1_192' title='bbox 817 3031 890 3097; x_wconf 89' lang='lat' dir='ltr'><strong>sine</strong></span> <span class='ocrx_word' id='word_1_193' title='bbox 906 3032 1059 3116; x_wconf 84' lang='lat' dir='ltr'><strong>periculo</strong></span> <span class='ocrx_word' id='word_1_194' title='bbox 1075 3040 1257 3099; x_wconf 89' lang='lat' dir='ltr'><strong>maneatur</strong></span> 
     </span>
     <span class='ocr_line' id='line_1_26' title="bbox 191 3137 1251 3226; baseline 0.003 -24"><span class='ocrx_word' id='word_1_195' title='bbox 191 3147 225 3202; x_wconf 91' lang='lat' dir='ltr'><strong>et</strong></span> <span class='ocrx_word' id='word_1_196' title='bbox 252 3138 419 3221; x_wconf 79' lang='lat' dir='ltr'><strong>languore</strong></span> <span class='ocrx_word' id='word_1_197' title='bbox 446 3137 595 3203; x_wconf 88' lang='lat' dir='ltr'><strong>militum</strong></span> <span class='ocrx_word' id='word_1_198' title='bbox 622 3149 656 3204; x_wconf 88' lang='lat' dir='ltr'><strong>et</strong></span> <span class='ocrx_word' id='word_1_199' title='bbox 682 3139 808 3224; x_wconf 85' lang='lat' dir='ltr'><strong>vigiliis</strong></span> <span class='ocrx_word' id='word_1_200' title='bbox 834 3141 1026 3224; x_wconf 86' lang='lat' dir='ltr'><strong>periculum</strong></span> <span class='ocrx_word' id='word_1_201' title='bbox 1053 3140 1251 3226; x_wconf 81' lang='lat' dir='ltr'><strong>augeatur]</strong></span> 
     </span>
     <span class='ocr_line' id='line_1_27' title="bbox 192 3246 1256 3334; baseline 0.005 -24"><span class='ocrx_word' id='word_1_202' title='bbox 192 3246 309 3310; x_wconf 90' lang='lat' dir='ltr'><strong>Prima</strong></span> <span class='ocrx_word' id='word_1_203' title='bbox 325 3246 401 3311; x_wconf 77' lang='lat' dir='ltr'><strong>lace</strong></span> <span class='ocrx_word' id='word_1_204' title='bbox 418 3253 466 3312; x_wconf 84' lang='lat' dir='ltr'><strong>sic</strong></span> <span class='ocrx_word' id='word_1_205' title='bbox 483 3269 528 3312; x_wconf 89' lang='lat' dir='ltr'><strong>ex</strong></span> <span class='ocrx_word' id='word_1_206' title='bbox 546 3255 665 3312; x_wconf 86' lang='lat' dir='ltr'><strong>castris</strong></span> <span class='ocrx_word' id='word_1_207' title='bbox 683 3247 951 3331; x_wconf 87' lang='lat' dir='ltr'><strong>proficiscuntur</strong></span> <span class='ocrx_word' id='word_1_208' title='bbox 968 3259 1006 3315; x_wconf 88' lang='lat' dir='ltr'><strong>ut</strong></span> <span class='ocrx_word' id='word_1_209' title='bbox 1024 3250 1150 3334; x_wconf 90' lang='lat' dir='ltr'><strong>quibus</strong></span> <span class='ocrx_word' id='word_1_210' title='bbox 1168 3261 1256 3315; x_wconf 90' lang='lat' dir='ltr'><strong>esset</strong></span> 
     </span>
     <span class='ocr_line' id='line_1_28' title="bbox 192 3355 1306 3438; baseline 0.002 -18"><span class='ocrx_word' id='word_1_211' title='bbox 192 3361 394 3438; x_wconf 88' lang='lat' dir='ltr'><strong>persuasum</strong></span> <span class='ocrx_word' id='word_1_212' title='bbox 423 3361 494 3420; x_wconf 78' lang='lat' dir='ltr'><strong>nan</strong></span> <span class='ocrx_word' id='word_1_213' title='bbox 521 3355 564 3420; x_wconf 88' lang='lat' dir='ltr'><strong>ab</strong></span> <span class='ocrx_word' id='word_1_214' title='bbox 592 3356 692 3421; x_wconf 88' lang='lat' dir='ltr'><strong>hoste</strong></span> <span class='ocrx_word' id='word_1_215' title='bbox 719 3356 780 3421; x_wconf 89' lang='lat' dir='ltr'><strong>sed</strong></span> <span class='ocrx_word' id='word_1_216' title='bbox 807 3358 850 3423; x_wconf 88' lang='lat' dir='ltr'><strong>ab</strong></span> <span class='ocrx_word' id='word_1_217' title='bbox 878 3357 1020 3423; x_wconf 90' lang='lat' dir='ltr'><strong>homine</strong></span> <span class='ocrx_word' id='word_1_218' title='bbox 1047 3359 1257 3424; x_wconf 82' lang='lat' dir='ltr'><strong>amicissimo</strong></span> <span class='ocrx_word' id='word_1_219' title='bbox 1276 3384 1306 3433; x_wconf 66' lang='grc' dir='ltr'><strong>ας</strong></span> 
     </span>
     <span class='ocr_line' id='line_1_29' title="bbox 196 3462 1257 3553; baseline 0.004 -25"><span class='ocrx_word' id='word_1_220' title='bbox 196 3462 439 3549; x_wconf 82' lang='lat' dir='ltr'><strong>[Ambiorige]</strong></span> <span class='ocrx_word' id='word_1_221' title='bbox 483 3463 666 3528; x_wconf 78' lang='lat' dir='ltr'><strong>consilium</strong></span> <span class='ocrx_word' id='word_1_222' title='bbox 704 3464 836 3542; x_wconf 88' lang='lat' dir='ltr'><strong>datum,</strong></span> <span class='ocrx_word' id='word_1_223' title='bbox 874 3465 1080 3552; x_wconf 71' lang='lat' dir='ltr'><strong>longissimi)</strong></span> <span class='ocrx_word' id='word_1_224' title='bbox 1118 3467 1257 3553; x_wconf 85' lang='lat' dir='ltr'><strong>agmine</strong></span> 
     </span>
     <span class='ocr_line' id='line_1_30' title="bbox 190 3572 713 3657; baseline 0.002 -20"><span class='ocrx_word' id='word_1_225' title='bbox 190 3572 423 3657; x_wconf 76' lang='lat' dir='ltr'><strong>maximisque</strong></span> <span class='ocrx_word' id='word_1_226' title='bbox 448 3572 713 3656; x_wconf 87' lang='lat' dir='ltr'><strong>impedimentis.</strong></span> 
     </span>
     <span class='ocr_line' id='line_1_31' title="bbox 392 3710 1055 3782; baseline 0.003 -16"><span class='ocrx_word' id='word_1_227' title='bbox 392 3712 419 3766; x_wconf 86' lang='grc' dir='ltr'><em>Τ</em></span> <span class='ocrx_word' id='word_1_228' title='bbox 415 3710 466 3781; x_wconf 77' lang='lat' dir='ltr'><strong>bey</strong></span> <span class='ocrx_word' id='word_1_229' title='bbox 478 3727 531 3764; x_wconf 82' lang='lat' dir='ltr'><strong>are</strong></span> <span class='ocrx_word' id='word_1_230' title='bbox 541 3711 719 3782; x_wconf 82' lang='lat' dir='ltr'><strong>attackedby</strong></span> <span class='ocrx_word' id='word_1_231' title='bbox 731 3711 778 3766; x_wconf 82' lang='lat' dir='ltr'><strong>the</strong></span> <span class='ocrx_word' id='word_1_232' title='bbox 790 3712 948 3767; x_wconf 77' lang='lat' dir='ltr'><strong>ambushed</strong></span> <span class='ocrx_word' id='word_1_233' title='bbox 958 3713 1055 3768; x_wconf 84' lang='lat' dir='ltr'><strong>Gauls.</strong></span> 
     </span>
    </p>
   </div>
   <div class='ocr_carea' id='block_1_6' title="bbox 189 3815 1317 4010">
    <p class='ocr_par' dir='ltr' id='par_1_7' title="bbox 189 3815 1317 4010">
     <span class='ocr_line' id='line_1_32' title="bbox 256 3815 1317 3906; baseline 0.006 -25"><span class='ocrx_word' id='word_1_234' title='bbox 256 3815 307 3882; x_wconf 78' lang='lat' dir='ltr'><strong>At</strong></span> <span class='ocrx_word' id='word_1_235' title='bbox 321 3817 451 3894; x_wconf 73' lang='lat' dir='ltr'><strong>hostes</strong></span> <span class='ocrx_word' id='word_1_236' title='bbox 467 3823 697 3902; x_wconf 78' lang='lat' dir='ltr'><strong>posteaquam</strong></span> <span class='ocrx_word' id='word_1_237' title='bbox 711 3839 756 3883; x_wconf 91' lang='lat' dir='ltr'><strong>ex</strong></span> <span class='ocrx_word' id='word_1_238' title='bbox 769 3827 945 3884; x_wconf 75' lang='lat' dir='ltr'><strong>nocturna</strong></span> <span class='ocrx_word' id='word_1_239' title='bbox 960 3819 1099 3886; x_wconf 80' lang='lat' dir='ltr'><strong>fremitu</strong></span> <span class='ocrx_word' id='word_1_240' title='bbox 1114 3820 1255 3906; x_wconf 87' lang='lat' dir='ltr'><strong>vigiliis·</strong></span> <span class='ocrx_word' id='word_1_241' title='bbox 1274 3839 1317 3904; x_wconf 85' lang='lat'><strong>32</strong></span> 
     </span>
     <span class='ocr_line' id='line_1_33' title="bbox 189 3925 1257 4010; baseline 0.002 -19"><span class='ocrx_word' id='word_1_242' title='bbox 189 3946 257 4010; x_wconf 89' lang='lat' dir='ltr'><strong>que</strong></span> <span class='ocrx_word' id='word_1_243' title='bbox 273 3925 317 3991; x_wconf 72' lang='lat' dir='ltr'><strong>da</strong></span> <span class='ocrx_word' id='word_1_244' title='bbox 335 3925 549 4010; x_wconf 82' lang='lat' dir='ltr'><strong>proiectione</strong></span> <span class='ocrx_word' id='word_1_245' title='bbox 567 3931 688 3991; x_wconf 76' lang='lat' dir='ltr'><strong>earum</strong></span> <span class='ocrx_word' id='word_1_246' title='bbox 707 3932 899 4004; x_wconf 76' lang='lat' dir='ltr'><strong>senserunt,</strong></span> <span class='ocrx_word' id='word_1_247' title='bbox 918 3928 1108 3994; x_wconf 79' lang='lat' dir='ltr'><strong>conlocatis</strong></span> <span class='ocrx_word' id='word_1_248' title='bbox 1125 3929 1257 3994; x_wconf 85' lang='lat' dir='ltr'><strong>insidiis</strong></span> 
     </span>
    </p>
   </div>
   <div class='ocr_carea' id='block_1_7' title="bbox 0 0 1527 4442">
    <p class='ocr_par' dir='ltr' id='par_1_8' title="bbox 0 0 1527 4442">
     <span class='ocr_line' id='line_1_34' title="bbox 0 0 1527 4442; baseline 0 0"><span class='ocrx_word' id='word_1_249' title='bbox 0 0 1527 4442; x_wconf 95' lang='lat' dir='ltr'><strong> </strong></span> 
     </span>
    </p>
   </div>
  </div>
 </body>
</html>
