3014 4452
235 355 298 420 226
621 357 734 412 stetu
761 357 919 413 enarret

237 536 464 620 Captivorum
496 537 631 604 circiter
664 557 715 603 xx
749 538 843 604 milia
876 537 1034 604 Haeduis
1066 538 1301 624 Arvernisque

237 647 359 712 reddit.

304 757 344 823 T.
364 758 558 824 Labienum
576 781 656 824 cum
673 760 808 825 duabus
827 758 1023 845 legionibus
1040 769 1075 825 et
1093 759 1249 844 equitatu
1267 759 1302 824 in

235 867 417 952 Sequanos
436 868 607 953 proficisci
626 868 738 948 iubet;
758 868 838 936 huic
860 869 909 936 M.
932 869 1178 954 Sempronium
1199 869 1300 937 Ruti-

203 999 216 1049 5
236 978 307 1043 lum
321 977 492 1044 attribuit.
531 977 568 1044 C.
584 977 731 1044 Fabium
746 980 904 1064 legatum
917 990 952 1045 et
969 979 1008 1045 L.
1026 979 1222 1046 Minucium
1237 979 1302 1045 Ba·

235 1087 337 1152 silum
362 1109 442 1153 cum
468 1087 664 1174 legionibus
690 1089 825 1154 duabus
850 1087 884 1153 in
912 1089 1031 1155 Remis
1057 1089 1230 1168 conlocat,
1257 1093 1301 1154 ne

235 1218 340 1296 quam
359 1203 379 1263 a
397 1197 551 1262 finitimis
572 1197 763 1262 Bellovacis
782 1197 1014 1264 calamitatem
1032 1197 1213 1281 accipiant.
1262 1195 1301 1264 C.

236 1306 429 1372 Antistium
445 1307 622 1392 Reginum
637 1307 671 1372 in
687 1307 944 1386 Ambivaret6s‚
959 1307 1000 1374 T.
1018 1307 1178 1375 Sextium
1195 1307 1229 1372 in
1246 1306 1303 1371 Bi-

236 1422 379 1502 turiges
396 1414 433 1483 C.
450 1415 634 1483 Caninium
650 1416 812 1483 Rebilum
827 1417 861 1483 in
877 1418 1048 1496 Rutenos
1063 1438 1143 1484 cum
1157 1416 1303 1502 singulis

187 1549 218 1586 ιο
237 1526 433 1611 legionibus
451 1526 566 1592 mittit.
617 1525 662 1610 Q.
681 1526 836 1600 Tullium
854 1526 1059 1593 Ciceronem
1077 1536 1111 1593 et
1132 1527 1169 1592 P.
1190 1525 1303 1610 Sulpi·

237 1635 330 1702 cium
350 1634 519 1703 Cavilloni
537 1646 571 1701 et
591 1637 788 1703 Matiscr'me
806 1637 840 1702 in
861 1635 1018 1703 Haeduis
1036 1635 1079 1702 ad
1098 1635 1236 1702 Ararim
1254 1640 1303 1700 rei

237 1745 481 1811 frumentariae
507 1753 610 1812 causa
636 1747 807 1813 conlocat.
858 1745 937 1830 Ipse
965 1745 1125 1812 Bibracte
1151 1745 1303 1811 hiemare

238 1855 428 1921 constituit.

307 1963 374 2029 His
394 1965 497 2030 rebus
518 1987 563 2030 ex
585 1965 739 2032 Caesaris
762 1965 882 2030 litteris
903 1964 1054 2050 cognitis
1077 1964 1211 2030 Romae
1232 1963 1302 2030 die-

189 2094 217 2142 15
238 2095 315 2139 rum
334 2093 385 2139 xx
405 2074 612 2159 supplicatio
629 2074 794 2140 redditur.
