3014 4452
212 355 273 401 222
600 337 713 392 BELLI
739 338 896 392 GALLICI

212 517 403 596 interiereS,
417 518 500 583 dum
514 539 554 584 ea
566 539 654 603 quae
667 517 989 602 {Vercingetorige
1002 517 1045 582 ad
1058 517 1278 601 eruptionem

213 633 414 712 praepareta
431 638 528 692 erant
545 627 736 711 preferunt,
755 627 886 712 prieres
903 626 1012 693 fossis
1030 627 1171 711 explent
1177 648 1185 706 ;
1203 626 1278 692 din-

213 736 281 803 tius
299 737 334 801 in
353 737 405 801 his
423 738 526 803 rebus
543 736 823 802 administrandis
842 742 978 814 moreti,
998 737 1092 820 prius
1111 743 1192 802 suos
1211 736 1277 801 dis-

211 847 351 915 cessisse
368 851 612 931 crignoverunt
629 867 734 931 quam
753 844 1005 911 mirnitionibus
1022 844 1277 930 adpropinque-

178 971 191 1021 5
211 966 296 1022 rent.
337 956 391 1021 Ita
405 963 441 1022 re
454 955 581 1021 infecte
596 956 631 1020 in
646 955 815 1040 oppidum
831 961 1055 1022 reverterunt.

463 1127 537 1180 Last
553 1127 637 1196 effert
654 1127 690 1197 os
703 1125 752 1179 the
769 1126 911 1196 relieving
920 1127 1028 1197 forces.

152 1239 194 1318 83
283 1237 342 1302 Bis
357 1244 487 1323 migne
502 1259 581 1304 curn
598 1238 808 1303 detrimento
824 1237 950 1320 repulsi
968 1235 1056 1302 Galli
1072 1234 1155 1320 quid
1171 1247 1278 1321 agant
1311 1277 1315 1280 -

211 1347 413 1427 consulunt;
426 1348 585 1413 locerum
598 1352 728 1433 peritos
741 1346 905 1412 adhibent
913 1368 920 1424 ;
935 1367 979 1410 ex
993 1346 1046 1410 his
1060 1345 1278 1429 superiorum

171 1480 178 1492 ·
211 1461 403 1521 castrerum
431 1456 516 1522 situs
544 1456 825 1539 nuinitir'mesque
853 1459 1083 1540 cognoscunt.
1145 1453 1229 1519 Erat
1258 1461 1278 1521 e

210 1565 503 1649 septentrienibus
519 1565 626 1644 collis,
642 1586 746 1651 quem
761 1573 905 1649 propter
920 1562 1198 1647 megnitudinem
1215 1562 1278 1629 cir-

162 1696 193 1734 10
211 1674 324 1740 cuitris
343 1697 447 1760 opere
466 1675 701 1759 circumplecti
720 1680 791 1740 nen
811 1683 998 1758 potuerant
1017 1679 1126 1738 nostri
1133 1695 1141 1752 ;
1160 1694 1277 1739 neces-

211 1783 371 1869 serioque
385 1806 494 1869 paene
509 1785 629 1869 iniquo
644 1785 722 1850 loco
738 1795 772 1850 et
786 1783 909 1849 leniter
923 1783 1047 1849 declivi
1062 1793 1173 1866 castra
1189 1782 1277 1848 lece-

211 1904 297 1959 rant.
348 1893 446 1959 Haec
463 1894 500 1960 C.
518 1893 690 1959 Antistius
707 1894 865 1979 Reginus
881 1903 915 1958 et
933 1891 970 1959 C.
991 1890 1156 1959 Caninius
1173 1892 1276 1958 Rebi-

211 2003 263 2068 lus
284 2003 390 2087 legeti
411 2023 490 2068 cum
512 2003 648 2068 duebus
667 2002 862 2088 legienibus
884 2001 1099 2067 obtinebant.

279 2111 439 2196 Cognitis
454 2133 515 2196 per
530 2114 768 2196 exploreteres
784 2113 986 2199 regienibus
1001 2114 1107 2180 duces
1123 2113 1276 2178 hostium

161 2240 190 2290 15
213 2241 261 2286 Lx
284 2217 377 2287 milia
400 2243 443 2288 ex
468 2229 565 2288 omni
587 2230 734 2289 numere
757 2224 926 2308 deligunt,
952 2231 1071 2290 eerum
1095 2223 1275 2290 civitetum

210 2353 297 2416 quae
313 2333 502 2397 meximam
517 2332 653 2398 virtirtis
668 2333 869 2417 opinionem
885 2335 1074 2413 habebant;
1091 2335 1174 2419 quid
1191 2341 1276 2419 quo·

209 2463 277 2528 que
294 2449 396 2527 pactr')
413 2448 471 2528 agi
487 2444 618 2527 placeat
636 2444 772 2510 occulte
789 2443 878 2510 inter
894 2451 931 2510 se
947 2445 1180 2524 crinstituunt3
1197 2444 1276 2511 adc-

210 2552 294 2616 undi
323 2563 461 2637 tempus
491 2553 671 2632 deliniunt,
702 2575 782 2619 cum
812 2554 973 2621 meridies
1004 2575 1077 2620 esse
1107 2554 1274 2621 videetur.

209 2661 276 2727 His
293 2662 402 2747 cepiis
418 2663 778 2731 Vercassivellaunum
795 2666 1003 2746 Arvernum,
1021 2673 1130 2733 unum
1147 2690 1191 2734 ex
1211 2686 1273 2732 1111

159 2792 192 2830 20
209 2771 365 2848 ducibus,
381 2771 616 2856 propinquum
631 2773 942 2860 Vercingetorigis,
958 2775 1172 2859 praeficiunt.
1214 2775 1275 2841 llle
1307 2761 1310 2766 Δ

211 2903 254 2947 ex
279 2887 397 2947 castris
421 2887 531 2966 prime
555 2881 673 2967 vigilie
696 2889 866 2967 egressus,
892 2905 1001 2969 prope
1025 2885 1186 2951 cenlecto
1211 2886 1275 2952 sub

209 2992 321 3056 lricem
339 2991 469 3069 itinere,
488 3003 566 3075 post
584 3003 741 3058 montem
759 2998 795 3058 se
812 2994 999 3060 occultevit
1017 2995 1212 3080 militesque
1231 3017 1274 3061 ex

211 3108 383 3167 nocturni)
407 3103 524 3167 labore
547 3108 622 3168 sese
645 3101 784 3168 reficere
809 3101 915 3168 iussit.
967 3102 1057 3171 Cum
1082 3105 1150 3170 iam
1175 3111 1275 3170 meri-

208 3209 281 3275 dies
299 3210 577 3294 adpropinquere
597 3210 784 3290 videretur,
806 3213 849 3278 ad
869 3235 908 3279 ea
928 3225 1042 3280 castra
1062 3237 1150 3300 quae
1170 3223 1274 3300 supre

159 3343 189 3391 25
206 3317 720 3398 demonstrevimus,contendit
729 3341 737 3399 ;
754 3321 946 3406 eedemque
964 3334 1123 3408 tempore
1140 3324 1273 3410 equitia-

210 3440 265 3493 tus
285 3430 326 3494 ari
347 3415 557 3515 campestres
577 3429 789 3497 monitiones
808 3431 971 3497 accedere
992 3442 1026 3499 et
1046 3433 1196 3517 reliquae
1217 3440 1275 3500 οό-

210 3537 285 3620 piae
304 3546 366 3622 pre
385 3547 503 3605 castris
521 3546 595 3606 sese
614 3540 796 3606 ostendere
815 3546 1015 3626 coeperunt.

262 3708 445 3777 Coeperaraeun
463 3706 500 3778 of
513 3704 562 3759 the
579 3706 709 3778 besieged.
751 3709 841 3764 Great
857 3713 962 3767 straits
979 3712 1015 3784 of
1028 3711 1077 3766 the
1094 3714 1228 3768 Romans.

149 3817 190 3893 84
278 3816 547 3901 Vercingetorix
569 3839 612 3882 ex
633 3839 710 3883 arce
731 3817 866 3885 Alesiae
886 3827 968 3886 sues
989 3821 1209 3905 censpiczitus
1230 3844 1274 3888 ex

208 3925 338 4010 oppidri
353 3925 529 4010 egreditur
536 3949 543 4005 ;
560 3931 681 4003 cretes
697 3927 888 4012 longuriris,
905 3931 1053 3996 murales
1070 3931 1182 4010 falces,
1199 3932 1274 3999 reli-
