3048 4444
485 367 603 420 Lissa
628 369 692 420 vn.
720 368 802 421 cna.
830 379 941 436 51-53·
1187 381 1244 428 201

179 607 285 661 Caesar
296 605 394 660 chriies
404 606 453 660 his
463 611 560 678 troops
565 609 623 681 sor
635 611 823 680 impetuosity,
837 609 887 662 but
892 611 1009 679 prat'ses
1021 607 1096 662 them
1101 608 1160 680 sor
1171 604 1250 659 their

647 695 776 767 bravery.

248 812 395 877 Postero
417 809 473 875 die
495 809 621 876 Caesar
641 811 805 876 contione
825 810 994 875 advocetis
1015 808 1246 875 temeritatem
1264 818 1307 886 52

179 920 476 1005 cupiditatemque
509 918 659 984 militum
692 918 923 1002 reprehendit,
957 917 1052 1001 quod
1085 916 1148 982 sibi
1183 916 1247 1000 ipsi

180 1028 424 1095 iudicivissent
444 1034 515 1112 quo
536 1026 798 1112 precedentium
818 1038 877 1092 aut
898 1027 980 1111 quid
1002 1026 1179 1111 agendum
1200 1024 1247 1090 vi-

178 1139 328 1217 deretur,
342 1160 455 1222 neque
468 1143 571 1222 signe
585 1135 773 1221 recipiendi
787 1136 870 1202 date
885 1135 1121 1201 constitissent
1135 1154 1247 1218 neque

178 1248 363 1315 atribimis
381 1247 532 1313 militum
550 1248 743 1333 legatisque
762 1245 902 1311 retineri
921 1244 1125 1329 potuissent.
1176 1243 1247 1308 Ex·
1266 1265 1280 1315 5

181 1357 297 1442 posuit
319 1357 402 1442 quid
425 1357 588 1441 iniquitas
608 1358 676 1422 loci
698 1367 826 1440 posset,
849 1354 944 1440 quod
966 1354 1051 1440 ipse,
1061 1353 1103 1420 ad
1126 1353 1248 1419 Avari-

179 1489 260 1534 cum
273 1466 443 1548 sensisset,
460 1489 540 1533 cum
554 1463 627 1533 sine
640 1468 729 1533 duce
743 1465 866 1532 etsine
880 1465 1041 1551 equitatu
1056 1451 1246 1549 depreben-

179 1583 224 1643 sis
237 1577 395 1643 hostibus
408 1578 625 1661 exploratam
640 1575 821 1643 victoriam
835 1573 1031 1651 dimisisset,
1045 1579 1088 1638 ne
1102 1593 1249 1659 parvum

177 1688 285 1753 modo
301 1677 552 1753 detrimentum
568 1685 603 1751 in
619 1686 847 1752 contentidne
862 1695 1007 1770 propter
1023 1681 1247 1769 iniquitatem

180 1796 247 1862 loci
269 1797 449 1863 accideret.
500 1795 644 1881 Quanto
668 1817 773 1881 opere
797 1802 919 1861 eorum
942 1794 1048 1860 animi
1073 1793 1247 1879 magnitti-
1268 1817 1299 1855 ιο

180 1904 297 1972 dinem
323 1906 562 1984 admireretur,
590 1911 678 1990 quos
705 1912 776 1970 non
803 1911 997 1970 castrorum
1024 1903 1247 1982 munitiones,

181 2021 251 2080 non
269 2014 417 2081 altitudo
436 2014 575 2092 montis,
595 2021 666 2080 non
685 2021 805 2080 murus
822 2015 943 2099 oppidi
962 2014 1097 2080 tardere
1117 2012 1248 2098 potuis-

181 2134 243 2202 set,
270 2130 369 2190 tantd
397 2145 501 2208 opere
529 2123 703 2190 licentiam
730 2122 1036 2208 arrogantiamque
1064 2123 1252 2214 reprehen-¹

180 2233 271 2311 dere,
287 2232 382 2317 quod
398 2234 475 2317 plus
490 2239 527 2299 se
541 2253 646 2316 quam
661 2233 908 2317 impertitorem
924 2233 968 2298 de
983 2232 1128 2298 victeria
1144 2242 1248 2316 atque

180 2343 276 2408 exitii
293 2348 408 2408 rerum
425 2349 551 2408 sentire
568 2341 822 2421 existimerent3
839 2364 902 2408 nec
920 2341 1034 2407 minus
1050 2348 1086 2408 se
1102 2348 1122 2408 ai
1139 2341 1248 2407 milite
1268 2367 1296 2418 15
1312 2347 1314 2352 '

180 2451 387 2518 modestiam
402 2462 436 2517 et
452 2450 704 2517 continentiam
719 2471 825 2535 quam
840 2451 1006 2517 virtutem
1021 2461 1127 2536 atque
1142 2451 1249 2518 animi

180 2559 460 2646 magnitudinem
485 2560 689 2626 desiderere.

296 2730 404 2786 Caesar
420 2745 513 2783 moves
530 2745 615 2798 away
632 2733 661 2782 to
677 2727 726 2783 the
743 2707 864 2800 country
881 2729 918 2802 ff
930 2727 979 2784 the
996 2729 1122 2785 Haedui.

251 2855 328 2922 Hic
356 2855 472 2921 habite
498 2854 663 2920 contione
689 2864 723 2920 et
749 2854 792 2920 ad
818 2861 1017 2921 extremum
1049 2856 1241 2942 [eratione]
1264 2867 1307 2937 53

170 2965 393 3031 'confirmatis
407 2963 584 3042 militibus,
599 2970 643 3030 ne
658 2964 704 3030 ob
720 2963 809 3029 hanc
824 2985 963 3030 causam
978 2965 1096 3031 animo
1111 2986 1247 3050 permo-

180 3080 353 3150 verentur,
374 3095 454 3150 neu,
476 3073 571 3157 quod
594 3072 757 3156 iniquitas
779 3074 847 3139 loci
867 3074 1049 3152 attulisset,
1073 3074 1106 3139 id
1128 3075 1247 3140 virtuti
1266 3098 1298 3135 ao

179 3182 333 3248 hostium
366 3182 572 3260 tribuerent;
606 3182 727 3248 eadem
762 3182 806 3248 de
840 3183 1054 3266 profectione
1088 3184 1248 3269 edgitims

179 3399 307 3465 idonee
342 3401 421 3466 loco
455 3398 646 3466 constituit.
709 3399 798 3466 Cum
833 3400 1105 3484 Vercingetorix
1140 3400 1248 3467 nihile

180 3508 291 3594 magis
310 3507 345 3573 in
364 3529 515 3592 aequum
535 3510 652 3575 locum
672 3510 908 3586 descenderet,
930 3510 996 3575 levi
1016 3509 1107 3575 lacto
1128 3531 1248 3594 eques-

132 3619 134 3628 ’
180 3623 224 3684 tri
247 3617 379 3702 proelii)
402 3628 506 3702 atque
530 3625 573 3684 eti
596 3618 762 3694 secundi),
787 3618 821 3682 in
845 3628 956 3682 castra
980 3618 1172 3685 exereitum
1197 3640 1247 3684 re·
1266 3647 1296 3697 ας

180 3727 291 3793 diixit.
341 3726 432 3794 Cum
459 3728 526 3792 hec
554 3727 646 3793 idem
673 3733 814 3810 postero
841 3727 896 3792 die
922 3726 1069 3805 fecisset,
1097 3727 1178 3793 satis
1205 3726 1247 3794 ad

181 3833 348 3901 Gallicam
376 3833 649 3900 ostentatienem
677 3831 901 3897 minuendam
929 3832 1149 3917 militumque
1177 3833 1247 3898 ani-

179 3949 256 4010 mos
291 3942 551 4010 confirmandos
587 3942 719 4007 lactum
755 3941 967 4020 existimem,
1004 3941 1040 4007 in
1077 3942 1247 4009 Haeduos
