3044 4442
269 351 328 416 124
654 338 767 393 BELL1
793 338 952 393 cernei

266 515 430 599 bipertiti)
449 518 483 582 in
500 517 593 583 silvis
611 524 812 603 opportune
830 530 934 603 atque
952 520 1092 585 occulte
1109 521 1187 585 loce
1205 525 1225 585 e
1243 518 1330 584 mili-

267 625 331 690 bus
357 647 520 709 passuum
548 627 683 693 circiter
708 628 846 693 duribus
873 628 1115 694 Remenerum
1141 628 1329 694 adventum

266 735 529 819 exspectebant;
544 747 578 801 et
592 757 672 802 cum
687 743 723 803 se
737 736 848 802 meior
862 758 939 821 pars
953 736 1101 822 agminis
1115 737 1150 801 in
1165 743 1330 821 megnam

265 844 458 909 convallem
472 843 675 922 demisisset,
690 867 733 910 ex
747 851 894 929 utreque
908 856 1004 929 parte
1016 845 1090 910 eius
1104 845 1199 910 vallis
1213 846 1329 911 subite

232 958 302 1022 sse
321 952 548 1018 ostenderunt
569 953 846 1037 novissimesque
867 974 1023 1038 premere
1044 962 1077 1018 et
1099 960 1229 1038 primes
1251 976 1329 1038 pro-

264 1060 382 1127 hibere
400 1066 544 1126 ascensii
561 1073 666 1144 atque
683 1061 899 1145 iniquissime
918 1067 1044 1128 nostris
1061 1063 1140 1128 loce
1158 1063 1328 1147 proelium

265 1169 484 1236 committere
505 1176 705 1254 coeperunt.

317 1377 443 1430 Sabtirus
455 1377 523 1430 leses
534 1374 582 1429 his
587 1379 722 1447 presence
733 1376 769 1448 os
777 1375 867 1430 mend.
906 1377 987 1431 Cotta
1000 1379 1026 1431 is
1037 1377 1098 1431 coel
1105 1376 1170 1431 and
1177 1377 1273 1432 brave.

333 1509 425 1573 Tum
451 1509 594 1575 demum
619 1509 784 1588 Titinius,
810 1516 870 1594 qui
895 1510 978 1576 nihil
1004 1520 1084 1576 ante
1110 1511 1327 1595 previdisset,

264 1617 436 1703 trepidere
465 1629 498 1684 et
526 1612 741 1684 concursere¹
760 1619 991 1703 cohortesque
1020 1619 1214 1704 dispenere‚
1242 1620 1327 1685 haec
1354 1687 1358 1692 ,

213 1752 245 1788 10
263 1739 379 1793 tamen
401 1727 475 1811 ipsa
496 1727 617 1792 timide
637 1738 741 1810 atque
764 1738 802 1792 ut
825 1747 904 1793 eum
926 1729 1043 1793 omnia
1065 1728 1211 1794 deficere
1234 1728 1327 1794 vide-

263 1848 395 1914 rentur;
418 1837 512 1920 quod
535 1836 739 1920 plerumque
762 1842 810 1901 eis
831 1835 985 1902 accidere
1007 1837 1187 1903 censuevit
1210 1843 1269 1921 qui
1291 1837 1326 1902 in

263 1946 338 2029 ipse
365 1945 511 2030 negetis>
539 1944 721 2010 censilium
749 1965 871 2027 capere
899 1950 1084 2029 eriguntur.
1133 1947 1182 2011 At
1210 1927 1330 2024 Cottas

262 2062 321 2139 qui
342 2055 530 2139 cegitesset
552 2054 636 2119 haec
658 2075 760 2137 posse
781 2053 814 2144 ip
837 2053 957 2119 itinere
978 2055 1131 2120 accidere
1152 2066 1257 2139 atque
1279 2057 1325 2121 ob

261 2185 337 2230 eam
354 2172 492 2229 causam
511 2162 735 2246 prolectienis
751 2173 873 2227 auctor
890 2169 961 2228 nen
979 2162 1108 2240 luisset,
1126 2165 1219 2230 nelle
1236 2163 1270 2229 in
1289 2171 1326 2231 re

212 2299 241 2349 ις
261 2279 440 2340 communi
463 2275 564 2340 saltiti
586 2275 714 2352 deerat,
737 2286 771 2341 et
795 2275 829 2340 in
852 2274 1063 2358 appellandis
1086 2274 1325 2340 cohortandis-

261 2406 328 2468 que
356 2383 521 2449 militibus
549 2365 768 2468 impereteris
796 2395 830 2449 et
858 2384 892 2448 in
920 2363 1039 2468 pugne
1066 2384 1183 2449 militis
1211 2384 1325 2450 officia

260 2498 465 2580 praesternat.
1321 2481 1327 2490 ⁸

329 2605 420 2672 Cum
441 2619 585 2692 propter
605 2608 860 2694 longitridinem
882 2607 1031 2692 agminis
1052 2613 1123 2672 nen
1145 2606 1242 2672 facile
1264 2627 1325 2691 per

260 2721 297 2780 se
320 2716 437 2781 omnia
460 2718 557 2783 obire
581 2728 614 2782 et
639 2718 722 2801 quid
747 2724 887 2801 queque
911 2719 988 2782 loce
1013 2716 1208 2782 iaciendum
1234 2725 1324 2781 esset

209 2849 241 2886 20
259 2825 441 2907 previdere
470 2837 623 2910 possent,
653 2826 825 2891 iusserunt
855 2826 1081 2909 prenuntieri,
1113 2836 1151 2891 ut
1181 2824 1324 2909 impedi-

259 2944 376 2999 menta
389 2934 621 3018 relinquerent
636 2948 739 3018 atque
754 2934 788 2998 in
803 2935 924 3000 orbem
938 2935 1176 3001 censisterent.
1217 2933 1323 3019 Quod
1342 2979 1346 2988 -

259 3042 453 3121 consilium,
472 3050 536 3109 etsi
552 3044 587 3108 in
605 3044 678 3109 eius
696 3043 792 3107 modi
811 3049 891 3108 cesti
911 3043 1233 3127 reprehendendum
1252 3050 1323 3109 nen

259 3163 322 3230 est,
338 3163 454 3218 tamen
472 3151 695 3217 incommode
712 3150 849 3229 cecidit;
867 3173 947 3217 nam
964 3163 998 3217 et
1015 3159 1141 3218 nostris
1159 3153 1324 3217 militibus

260 3281 357 3345 spem
384 3261 507 3325 minuit
534 3273 567 3325 et
594 3261 711 3325 hostes
738 3259 780 3324 ad
808 3266 961 3344 pugnam
989 3261 1170 3326 alacrieres
1197 3259 1323 3352 effecit,

210 3397 240 3446 25
259 3371 354 3453 quod
370 3363 440 3434 n'en
456 3369 528 3434 sine
542 3375 680 3433 summe
697 3367 822 3433 timere
838 3379 870 3434 et
888 3369 1128 3452 desperetiene
1145 3368 1177 3433 id
1194 3368 1325 3435 lactum

260 3478 451 3544 videbitur.
502 3477 683 3541 Praeteree
705 3476 840 3554 accidit,
863 3476 959 3560 qnod
983 3476 1055 3542 fieri
1078 3499 1217 3543 necesse
1240 3487 1323 3554 erat,

260 3599 297 3653 ut
313 3587 421 3671 vulgu
438 3586 562 3650 milites
578 3586 621 3650 ab
637 3591 745 3669 signis
761 3584 987 3661 discederent,
1004 3607 1162 3669 quaeque
1178 3586 1325 3671 quisque

259 3703 381 3762 eerum
397 3694 570 3761 cerissima
586 3694 738 3770 haberet,
754 3693 797 3758 ab
814 3692 1070 3776 impedimentis
1087 3706 1204 3778 petere
1221 3707 1324 3780 atque

259 3803 406 3889 arripere
434 3808 649 3888 propereret;
676 3802 827 3867 clemere
853 3812 886 3866 et
914 3801 1000 3868 fletui
1027 3804 1144 3869 omnia
1171 3804 1323 3888 comple-

221 3945 242 3968 π
261 3924 390 3979 rentur.
