3048 4444
506 357 624 414 LIBER
650 361 715 415 v11.
741 361 824 415 CAP.
850 369 962 428 29-32.
1208 361 1266 440 187

197 538 397 618 Avaricum,
414 551 493 625 post
509 540 738 608 deserendum
755 547 945 606 censuerat.
995 538 1118 622 Itaque
1135 547 1173 604 ut
1190 536 1266 602 reli-

197 655 348 733 quorum
377 649 627 732 imperatorum
655 655 708 715 res
737 649 899 715 adversae
929 647 1173 714 auctoritatem
1202 645 1264 710 mi-

198 767 321 834 nuunt,
342 763 390 822 sic
410 756 512 823 huius
531 779 576 823 ex
595 758 771 824 contrario
791 757 944 843 dignitas
963 755 1190 822 incommodo
1211 775 1265 820 ac-

197 872 300 951 cepto
313 866 348 931 in
363 865 437 932 dies
450 868 653 952 augebatur.
704 866 815 934 Simul
830 867 865 932 in
879 887 977 950 spem
992 865 1176 931 veniebant
1191 864 1265 930 eius

198 1105 364 1168 mumque
385 1091 428 1151 eo
449 1096 607 1169 ternpore
629 1084 716 1151 Galli
737 1096 849 1159 castra
869 1090 1005 1150 munire
1025 1083 1265 1161 instituerunt;

197 1204 231 1260 et
250 1200 298 1259 sic
317 1205 414 1259 erant
433 1194 550 1260 animo
569 1200 782 1260 consternati
801 1193 961 1259 homines
980 1199 1107 1258 insueti
1127 1191 1264 1270 laboris,

199 1313 236 1368 ut
252 1301 369 1368 omnia
385 1323 473 1386 quae
488 1303 741 1387 imperarentur
756 1302 820 1368 sibi
837 1301 999 1386 patienda
1015 1301 1264 1367 existimarent.

538 1473 586 1526 He
603 1475 694 1526 rar’ses
712 1489 790 1527 more
806 1477 909 1544 troops.

267 1581 341 1648 Nec
356 1583 471 1648 minus
485 1603 589 1666 quam
605 1593 655 1648 est
671 1582 845 1666 pollicitus
860 1581 1131 1667 Vercingetorix
1146 1582 1264 1647 animo
1281 1591 1321 1656 31

196 1692 375 1757 laberabat
392 1701 429 1756 ut
447 1691 595 1776 reliquas
613 1691 770 1757 civitates
787 1691 1002 1775 adiungeret,
1021 1701 1125 1774 atque
1144 1696 1264 1756 earum
1275 1711 1316 1748 Ἱιο

198 1800 370 1884 principes
396 1801 497 1866 donis
523 1799 901 1884 pollicitationibusque
927 1799 1118 1865 adiiciebat.
1169 1799 1264 1864 Huic

196 1916 245 1976 rei
259 1909 404 1975 idoneos
418 1909 577 1974 homines
590 1908 776 1994 deligebat,
790 1913 941 1992 quorum
955 1908 1101 1992 quisque
1114 1918 1173 1973 aut
1189 1913 1264 1972 ora-

197 2019 292 2084 tione
307 2019 454 2097 subdola
469 2028 528 2083 aut
543 2017 694 2083 amicitia
709 2016 869 2082 facillime
884 2037 1006 2100 capere
1023 2027 1150 2100 posset.
1192 2015 1264 2100 Qui

198 2127 348 2193 Avarico
374 2132 580 2211 expugnato
605 2126 815 2211 relugerant‚
841 2124 1026 2190 armandos
1051 2124 1264 2190 vestiendos-

196 2258 264 2320 que
277 2241 388 2314 curan
403 2235 515 2312 simul,
531 2246 568 2300 ut
583 2233 782 2301 deminutae
797 2234 918 2318 copiae
934 2233 1263 2318 redintegrarentur,
1283 2258 1312 2308 15

198 2346 343 2428 imperat
368 2355 503 2409 certum
528 2364 712 2409 numerum
738 2338 887 2408 militum
913 2342 1121 2417 civitatibus,
1148 2363 1263 2426 quem,

198 2465 231 2519 et
251 2471 354 2537 quam
374 2464 454 2518 ante
474 2451 579 2529 diem‚‘
597 2452 632 2517 in
649 2463 763 2518 castra
782 2451 909 2517 adduci
928 2451 1024 2528 velit;
1050 2451 1263 2535 sagittarios·

197 2584 264 2648 que
279 2569 412 2639 omnes
428 2568 578 2646 quorum
594 2572 666 2627 erat
683 2567 894 2645 permagnus
911 2561 945 2626 in
963 2561 1072 2626 Gallia
1088 2581 1264 2638 numerus

199 2678 357 2755 conquiri
380 2683 413 2736 et
436 2671 479 2737 ad
502 2677 539 2736 se
562 2670 653 2735 mitti
677 2670 782 2736 iubet.
833 2670 900 2734 His
924 2671 1027 2734 rebus
1051 2670 1206 2735 celeriter
1229 2669 1263 2735 id

197 2781 292 2865 quod
312 2780 449 2846 Avarici
468 2779 671 2863 deperierat,
692 2779 861 2863 expletur.
912 2779 1055 2844 Interim
1076 2779 1263 2845 Teutoma-
1282 2809 1315 2846 20

198 2902 264 2968 tus
282 2889 499 2957 Olloviconis
515 2889 616 2966 nlius,
633 2894 695 2953 rex
714 2887 977 2972 Nitiobrogum,
994 2887 1092 2953 citius
1109 2897 1205 2971 pater
1222 2889 1265 2954 ab

198 3007 319 3066 senatu
341 3006 462 3065 nostro
482 3005 614 3065 amicus
634 3009 706 3064 erat
725 2997 929 3081 appellatus,
950 3018 1031 3062 cum
1051 3004 1182 3082 magno
1203 3019 1265 3062 nn-

198 3115 295 3175 mero
315 3109 471 3194 equitum
491 3114 635 3174 suorum
654 3118 688 3173 et
706 3113 795 3191 quos
814 3128 858 3172 ex
879 3106 1068 3190 Aquiu'mia
1088 3107 1265 3172 conduxe-

200 3229 251 3284 rat
269 3219 311 3284 ad
330 3239 409 3284 eurn
429 3216 595 3302 pervenit.

255 3389 312 3443 The
329 3389 457 3451 Haedui,
476 3387 590 3460 having
608 3405 626 3441 a
640 3388 780 3459 polt‘tr'cal
794 3389 914 3459 dispuit,
934 3387 1041 3458 appeal
1055 3394 1084 3442 to
1104 3389 1217 3443 Caesar.

268 3499 394 3566 Caesar
419 3499 557 3565 Avarici
583 3498 781 3582 complures
807 3498 880 3563 dies
906 3504 1144 3563 commoratus
1171 3519 1262 3564 sum-
1281 3513 1325 3580 32

199 3630 361 3693 mamque
377 3609 423 3675 ibi
438 3608 575 3693 copiam
591 3607 755 3673 frumenti
770 3618 803 3672 et
818 3607 940 3690 reliqui
955 3613 1171 3672 commeritus
1187 3629 1265 3673 nac-

198 3729 265 3795 tus,
277 3717 469 3784 exercitum
480 3739 525 3782 ex
537 3716 654 3783 labore
665 3726 770 3800 atque
781 3714 899 3799 inopia
911 3714 1029 3780 reficit.
1069 3715 1143 3781 Iam
1155 3737 1264 3800 prope

198 3828 312 3893 hieme
333 3827 503 3902 conlecta,
524 3847 603 3891 cum
626 3825 702 3909 ipso
723 3830 805 3890 anni
826 3835 984 3908 tempore
1006 3825 1048 3890 ad
1071 3825 1264 3909 gerendum

199 3935 327 4002 bellum
348 3941 532 4001 vocaretur
550 3944 583 3999 et
603 3933 645 3999 ad
667 3934 805 3998 hostem
826 3933 997 4017 proficisci
1017 3933 1264 4012 constituisset,
