3048 4444
522 383 639 437 LIBER
667 386 729 437 Vll.
758 384 841 437 cnP.
867 398 980 452 41-43.

541 619 631 700 Other
642 644 721 715 plats
737 645 773 716 of
787 643 836 698 the
854 643 952 700 Gaub.

286 775 383 841 Dum
402 775 486 840 haec
506 774 550 840 ad
570 774 782 860 Gergoviam
801 785 982 860 geruntur,
1003 773 1143 840 Haedui
1164 780 1283 858 primis
1300 789 1343 856 42

217 885 346 950 nirntiis
360 885 403 949 ab
420 883 600 949 Litavicci>
615 889 766 967 acceptis
781 884 914 949 nullum
931 883 995 948 sibi
1010 883 1054 948 ad
1069 889 1283 968 segnescen-

216 993 301 1059 dum
320 992 470 1078 spatium
491 991 700 1076 relinquunt.
752 991 902 1076 Impellit
922 992 1007 1058 alies
1026 991 1179 1069 avernia,
1198 992 1284 1057 alies

215 1102 392 1168 iracundia
411 1113 444 1167 et
465 1100 651 1179 temerites,
673 1122 761 1185 quae
781 1101 935 1167 maxime
954 1101 1001 1167 illi
1021 1100 1203 1167 hominurn
1224 1122 1284 1186 ge·

218 1219 290 1279 neri
314 1223 366 1278 est
390 1212 518 1289 inneta,
543 1222 581 1277 ut
606 1211 718 1277 levem
743 1211 958 1277 auditienem
983 1211 1132 1276 habeant
1158 1217 1221 1294 pre
1248 1217 1315 1289 res

214 1327 404 1406 comperta.
446 1321 545 1386 Bona
560 1319 688 1386 civium
706 1319 948 1386 Remenerum
965 1318 1142 1404 diripiunt,
1161 1320 1283 1385 caedes

218 1430 357 1508 faciunt,
381 1431 416 1496 in
439 1430 642 1496 servitutem
666 1429 880 1495 abstrahunt.
930 1427 1083 1493 Adiuvat
1107 1449 1179 1493 rem
1205 1434 1283 1512 pre-

216 1541 378 1606 clinetam
397 1538 684 1607 Convictolitavis
704 1538 911 1622 plebemque
929 1537 972 1603 ad
992 1536 1145 1604 furerem
1165 1538 1284 1621 impel-

218 1649 267 1727 lit,
294 1661 332 1714 ut
358 1649 509 1715 lacinore
535 1649 687 1715 admisse
713 1647 755 1713 ad
783 1646 967 1713 senitetem
993 1652 1118 1711 reverti
1145 1645 1281 1729 pudeat.

218 1759 268 1824 M.
284 1758 464 1836 Aristium,
479 1758 657 1824 tribunum
673 1756 833 1832 militum,
849 1755 914 1820 iter
928 1754 970 1820 ad
988 1754 1143 1839 legienes
1158 1754 1283 1820 lacien·
1304 1789 1335 1826 ιο

217 1878 299 1944 tem,
313 1867 380 1933 lide
393 1867 475 1933 date
486 1889 531 1933 ex
544 1866 675 1950 oppidi)
690 1865 871 1932 Cavillene
885 1864 1054 1942 educunt3
1066 1863 1159 1929 idem
1173 1863 1284 1930 lacere

217 1983 350 2062 erigunt
366 1982 426 2042 ees
442 1982 502 2060 qui
517 1975 720 2061 negetiandi
735 1981 839 2041 cause
854 1974 900 2039 ibi
917 1974 1154 2040 censtiterant.
1206 1973 1284 2039 Hes

215 2086 383 2151 continue
395 2084 429 2150 in
441 2085 562 2151 itinere
573 2085 687 2151 adorti
697 2085 860 2151 omnibus
872 2083 1268 2168 impedimentisexuunt
1276 2105 1284 2162 ;

109 2257 111 2262 .
218 2201 452 2279 repugnantes
475 2194 567 2260 diem
591 2206 800 2279 noctemque
823 2195 999 2272 obsident;
1023 2194 1141 2258 multis
1164 2193 1284 2258 utrim-

218 2326 286 2388 que
312 2304 501 2370 interfectis
527 2304 695 2371 meierem
723 2304 982 2370 multitudinem
1008 2303 1052 2370 ad
1079 2323 1175 2370 arma
1201 2325 1333 2386 con-15

218 2412 335 2478 citant.

388 2538 447 2592 The
462 2539 585 2594 Haedui
598 2539 661 2593 seek
677 2557 717 2594 an
735 2541 877 2594 insincere
894 2540 1118 2597 reconcilt'ation.

288 2665 431 2730 Interim
453 2665 577 2730 nuntie
598 2665 713 2731 adlete
734 2672 856 2732 omnes
877 2673 999 2732 cerum
1019 2668 1145 2734 milites
1166 2668 1201 2733 in
1222 2690 1283 2753 po·
1300 2688 1343 2756 43

219 2779 342 2838 testate
366 2773 520 2840 Caesaris
542 2780 663 2851 teneri,
686 2786 899 2841 concurrunt
923 2777 966 2841 ad
992 2777 1175 2856 Aristium
1200 2777 1283 2843 nihil

217 2881 357 2966 publice
379 2882 509 2948 lactum
531 2883 676 2948 censilie
698 2883 955 2963 demenstrant;
978 2887 1218 2970 quaestienem
1241 2887 1285 2951 de

219 2991 320 3056 bonis
347 2991 489 3075 direptis
517 2991 722 3070 decernunt;
752 2991 921 3059 Litavicci
949 2994 1162 3079 fratrumque
1192 2996 1285 3061 bona
1302 3022 1335 3059 20

218 3099 393 3183 publicant
401 3122 409 3177 ;
445 3100 581 3184 legetes
609 3101 651 3166 ad
681 3100 863 3167 Caesarem
893 3102 1066 3187 purgandi
1092 3110 1145 3168 sui
1172 3103 1285 3187 gretie

215 3208 373 3275 mittunt.
413 3209 512 3275 Haec
526 3209 658 3277 faciunt
673 3212 990 3296 recuperanderum
1006 3219 1150 3295 suerum
1165 3219 1283 3289 causa;

218 3317 278 3384 sed
297 3318 525 3386 conteminriti
542 3319 703 3386 lacinore'
714 3331 748 3386 et
768 3327 859 3405 capti
878 3321 1088 3407 compendii)
1108 3343 1153 3386 ex
1172 3320 1284 3405 direp-

218 3432 262 3492 tis
281 3427 393 3506 bonis,
414 3428 509 3512 quod
530 3451 570 3495 ea
590 3434 643 3495 res
663 3430 706 3494 ad
727 3429 856 3494 multes
877 3429 1082 3513 pertinebat,
1103 3440 1137 3495 et
1158 3430 1285 3496 timere

218 3557 351 3620 poenae
373 3538 529 3604 exterriti
552 3537 694 3604 censilia
716 3539 804 3603 clam
826 3539 870 3603 de
893 3538 983 3603 belle
1006 3538 1091 3604 inire
1115 3538 1284 3622 incipiunt
1303 3565 1333 3616 25

217 3636 448 3730 civitatesque
476 3645 624 3731 reliques
652 3645 887 3731 legatienibus
916 3645 1116 3713 sollicitant.

287 3753 388 3839 Quae
407 3763 545 3822 tametsi
564 3755 689 3822 Caesar
707 3755 941 3840 intellegebat,
960 3766 1077 3822 tamen
1097 3778 1201 3840 quam
1222 3763 1285 3822 mi-

218 3862 349 3930 tissime
364 3875 478 3949 potest
494 3865 629 3949 legetes
642 3864 805 3947 appellat:
822 3863 916 3928 Nihil
931 3870 967 3929 se
981 3876 1124 3948 propter
1138 3867 1285 3932 inscien-

220 3972 302 4038 tiam
331 3972 577 4057 levitatemque
605 3972 701 4057 vulgi
728 3971 868 4056 gravius
895 3972 939 4038 de
966 3973 1104 4039 civitate
1134 3974 1284 4040 iudicere
