3048 4444
265 367 329 414 200
648 351 760 404 BELLl
788 353 946 405 GALLlCl

265 534 423 608 ruerunt3
439 536 490 607 ac,
507 536 645 596 tametsi
662 530 793 596 dextris
811 537 938 596 umeris
955 537 1100 597 exsertis
1117 529 1332 596 animadver-

266 638 439 716 tebantur,
461 638 556 721 quod
579 644 715 723 insigne
738 646 879 723 pactum
900 661 974 705 esse
997 646 1191 718 consuerat,
1213 649 1330 706 tamen

265 746 299 810 id
321 746 434 830 ipsum
455 753 508 812 sui
529 747 667 812 fallendi
687 755 790 813 causa
810 747 935 813 milites
956 749 998 813 ab
1021 747 1179 814 hostibus
1200 747 1329 814 factum

265 855 520 921 existimabant.

230 982 243 1031 5
334 963 470 1029 Eodem
485 973 643 1048 tempore
658 965 697 1029 L.
715 964 842 1030 Fabius
856 965 1013 1031 centurio
1027 971 1156 1049 quique
1171 971 1241 1032 tina
1254 972 1330 1032 mir·
1352 1029 1355 1034 .

262 1094 339 1137 rum
356 1072 582 1138 ascenderant
601 1072 829 1139 circumventi
847 1082 953 1157 atque
971 1072 1146 1146 interfecti
1165 1075 1208 1140 de
1227 1081 1328 1141 mino

263 1181 586 1265 praecipitabantur.
637 1183 686 1247 M.
705 1181 900 1260 Petronius
916 1182 1071 1249 eiusdem
1088 1183 1234 1269 legionis
1250 1205 1329 1250 cen·

263 1291 366 1368 turio,
383 1311 463 1355 cum
480 1297 598 1375 portas
614 1291 773 1357 excidere
790 1297 936 1358 canatus
953 1301 1053 1370 esset,
1070 1298 1091 1358 a
1106 1292 1328 1359 multitudine

264 1421 449 1484 oppressus
468 1406 508 1466 ac
529 1400 592 1465 sibi
612 1400 809 1485 desperans
830 1401 947 1466 multis
967 1401 1035 1466 iam
1055 1401 1254 1468 vulneribus
1274 1423 1329 1468 ac·

215 1533 245 1569 10
262 1515 382 1592 ceptiS,
397 1507 669 1593 manipularibus
683 1515 752 1574 suis
765 1515 825 1592 qui
839 1508 935 1574 illum
949 1515 1058 1575 sectili
1072 1519 1179 1589 erant,
1196 1509 1215 1536 “
1230 1509 1329 1595 Quo-

262 1617 388 1695 niam,’'
405 1618 528 1703 inquit,
546 1617 563 1643 ‘⁶
578 1624 634 1684 me
650 1623 719 1684 tina
735 1619 917 1684 vobiscum
934 1625 1069 1685 servare
1086 1641 1156 1684 non
1173 1641 1328 1703 possum,

261 1737 397 1792 vestrae
414 1726 554 1812 quidem
571 1733 666 1793 certe
682 1733 775 1793 vitae
792 1727 1010 1813 prospiciam,
1029 1734 1116 1813 quos
1133 1726 1326 1813 cupiditate

261 1836 394 1921 glariae
408 1836 579 1901 adductus
593 1835 627 1900 in
643 1836 835 1919 periculum
850 1815 989 1901 deduxi.
1039 1837 1114 1902 Vos
1129 1837 1210 1902 data
1224 1835 1328 1902 lacul-

262 1951 333 2011 tate
352 1946 452 2010 vabis
470 1943 673 2010 consulite.”
723 1945 834 2012 Simul
853 1945 888 2010 in
908 1945 1041 2011 medios
1061 1945 1179 2011 hostes
1198 1945 1328 2029 inrtipit

154 2144 156 2148 ι
214 2083 241 2132 15
261 2055 469 2139 ducibusque
487 2053 679 2120 interfectis
698 2055 848 2139 reliquas
866 2061 886 2120 a
905 2061 1007 2138 porta
1025 2055 1166 2140 paulum
1187 2055 1326 2121 submo-

261 2164 318 2229 vit.
359 2163 576 2230 Conantibus
591 2163 747 2229 auxiliari
762 2170 831 2229 suis
847 2163 1048 2241 “Frustra’'
1065 2164 1186 2248 inquit,
1205 2162 1327 2230 “meae

262 2282 351 2340 vitae
374 2275 557 2340 subvenire
579 2274 765 2352 conamini,
787 2295 892 2358 quem
915 2273 983 2339 iam
1007 2273 1147 2358 sanguis
1169 2278 1328 2357 viresque

262 2384 438 2451 deficiunt.
488 2385 640 2450 Proinde
664 2385 755 2450 abite
779 2383 862 2448 dum
886 2394 938 2449 est
961 2382 1105 2448 facultas
1129 2388 1260 2466 vosque
1284 2380 1327 2448 ad

262 2495 437 2590 legionem
460 2491 636 2578 recipite.”
686 2493 740 2558 Ita
762 2497 923 2576 pugnans
946 2501 1025 2575 post
1048 2491 1190 2574 paulum
1212 2489 1329 2556 conci-

210 2627 243 2664 20
262 2605 312 2669 dit
329 2611 369 2670 ac
387 2611 457 2670 suis
473 2605 575 2670 saltiti
592 2602 665 2669 luit.

600 2808 721 2878 Repulre
738 2808 774 2879 of
788 2806 836 2861 the
853 2807 987 2860 Romans.

202 2960 242 3028 51
334 2941 465 3019 Nostri,
481 2962 560 3007 cum
577 2939 730 3024 undique
746 2949 994 3023 premerentur,
1012 2955 1102 3002 xuvr
1119 2935 1329 3002 centurioni-

264 3053 327 3117 bus
349 3052 483 3117 amissis
506 3049 630 3117 deiecti
652 3060 732 3115 sunt
755 3050 844 3114 loco.
895 3047 962 3115 Sed
986 3044 1226 3112 intolerantius
1249 3044 1328 3111 Gal-

262 3162 313 3225 lris
325 3165 547 3242 insequentes
559 3157 652 3243 legia
666 3177 689 3222 x
704 3157 863 3234 tardavit,
877 3178 965 3241 quae
979 3161 1042 3239 pro
1056 3153 1210 3221 subsidio
1224 3154 1328 3238 paulo

263 3268 424 3353 aequiore
447 3268 526 3334 loco
548 3267 766 3333 constiterat.
818 3267 921 3332 Hanc
943 3271 1061 3330 rirrsns
1083 3283 1156 3328 xm
1180 3261 1327 3348 legionis

212 3399 242 3449 25
263 3377 425 3443 cohortes
440 3383 663 3460 exceperunt,
679 3398 766 3460 quae
782 3398 826 3441 ex
841 3381 960 3440 castris
976 3373 1168 3439 minoribus
1183 3371 1329 3438 eductae

263 3508 342 3552 cum
356 3487 395 3552 T.
413 3486 534 3552 Sextio
549 3487 666 3570 legata
681 3491 841 3568 ceperant
857 3484 974 3548 locum
989 3482 1212 3567 superiarem.
1263 3480 1329 3546 Le-

264 3595 386 3680 giones
402 3596 460 3660 nbi
477 3600 627 3678 primum
645 3592 822 3676 planitiem
839 3591 1041 3676 attigerunt,
1058 3590 1191 3656 infestis
1207 3595 1329 3654 contra

265 3705 400 3770 hostem
425 3709 532 3788 signis
556 3700 797 3766 constiterunt.
846 3699 1117 3784 Vercingetorix
1142 3700 1185 3763 ab
1209 3696 1330 3763 radici-

264 3813 328 3879 bus
349 3813 445 3878 collis
466 3817 546 3876 suris
566 3809 658 3875 intra
679 3807 892 3874 munitidnes
912 3807 1063 3874 reduxit.
1114 3807 1168 3872 Εό
1189 3805 1245 3872 die
1266 3809 1329 3870 mi·

215 3953 247 4000 30
266 3922 342 3987 lites
359 3930 438 3986 sunt
457 3918 692 4003 paulominus
711 3937 780 3983 occ
797 3916 991 3982 desiderati.
