3048 4444
495 360 611 413 LIBER
638 361 702 414 Vll.
728 362 811 414 CAP.
835 360 949 427 44—46.
1198 377 1255 445 197

188 545 311 604 omnes
330 537 426 604 iubet
447 548 565 623 petere
584 539 754 624 regianes.
800 541 898 606 Haec
918 541 1039 625 procul
1059 563 1104 606 ex
1122 539 1255 625 oppida

190 647 406 724 videbantur,
425 659 462 712 ut
480 658 552 713 erat
569 654 590 714 a
607 648 782 733 Gergovia
799 649 983 732 despectus
1000 647 1034 713 in
1053 659 1178 728 castra;
1196 670 1255 714 ne-

190 778 257 840 que
283 762 382 822 tanta
408 755 532 841 spatia,
558 763 643 823 certi
669 757 752 842 quid
779 768 879 836 esset,
906 758 1080 841 explarari
1106 767 1253 842 poterat.

190 864 385 949 Legionem
405 885 429 929 x
450 865 575 931 eedem
595 867 671 931 lace
690 865 797 932 mittit
818 877 852 932 et
872 867 1014 952 paulurn
1034 872 1255 951 pregressam

188 974 350 1040 inleriore
378 974 558 1040 canstituit
587 976 665 1040 locri
693 975 855 1059 silvisque
881 976 1043 1041 occultat.
1093 975 1288 1061 Augeturs

190 1083 295 1148 Gallis
312 1082 473 1166 suspicio,
490 1094 594 1168 atque
610 1090 733 1150 omnes
750 1082 808 1149 illi)
825 1084 867 1149 ad
885 1084 1117 1150 munitionem
1135 1085 1256 1171 copiae

190 1192 428 1257 traducuntur.

257 1301 377 1366 Vacua
394 1313 505 1366 castra
522 1301 676 1366 hostium
695 1301 820 1368 Caesar
837 1303 1069 1386 conspicatus,
1088 1309 1188 1370 tectis
1205 1311 1256 1368 in-

188 1410 344 1494 signibus
363 1416 506 1475 suasum
526 1411 777 1494 occultatisque
797 1417 906 1495 signis
925 1412 1140 1490 mi1itaribuS,
1161 1419 1256 1479 raras

188 1518 325 1596 milites
343 1525 386 1584 ne
403 1541 448 1585 ex
464 1519 596 1604 oppido
613 1520 983 1600 animadverterentur,
1003 1544 1047 1587 ex
1066 1521 1254 1588 maiaribus
1275 1547 1307 1584 ιο

189 1635 308 1694 castris
329 1629 363 1693 in
384 1629 519 1694 minata
539 1629 700 1706 traducit,
721 1630 913 1715 legatisque
934 1637 1023 1714 qtros
1043 1631 1189 1716 singulis
1209 1630 1255 1696 le·

189 1737 353 1822 gionibus
372 1737 581 1822 praefecerat
600 1740 684 1824 quid
703 1739 775 1805 fieri
794 1739 876 1806 velit
895 1740 1062 1819 ostendit3
1082 1741 1116 1805 in
1136 1747 1255 1824 primis

190 1859 309 1913 monet
335 1859 373 1913 ut
399 1848 600 1914 contineant
627 1850 753 1915 milites
778 1857 822 1916 ne
848 1849 964 1915 studia
990 1850 1170 1935 pagnandi
1195 1859 1255 1916 aut

188 1963 249 2040 spe
269 1957 416 2041 praedae
436 1959 575 2042 longius
596 1959 879 2043 progrediantun
900 1959 983 2042 quid
1004 1959 1167 2043 iniquitas
1188 1959 1255 2024 loci

189 2063 312 2129 habeat
335 2063 551 2130 incommodi
573 2067 752 2149 propenit;
775 2067 842 2131 luic
865 2071 934 2131 tina
955 2065 1130 2131 celeritate
1153 2087 1255 2149 posse
1275 2093 1304 2143 ις

189 2178 302 2250 vitari;
322 2174 514 2239 occasionis
532 2196 605 2240 esse
624 2196 708 2252 rem,
727 2181 799 2240 non
818 2175 936 2258 proeli.
987 2174 1054 2239 His
1073 2175 1176 2241 rebus
1195 2196 1255 2240 ex-

190 2282 311 2366 positis
330 2289 471 2367 signum
491 2283 549 2348 dat
570 2294 603 2349 et
623 2284 665 2349 ab
685 2284 809 2349 dextra
828 2294 925 2368 parte
945 2283 1013 2348 alia
1033 2289 1177 2349 ascensu
1197 2289 1255 2349 ea·

189 2392 269 2458 dem
289 2403 447 2476 tempore
469 2393 638 2460 Haeduos
657 2393 772 2458 mittit.

312 2603 360 2658 He
376 2607 510 2674 captares
527 2601 576 2656 the
596 2601 690 2656 Gallie
708 2606 792 2673 camp
809 2603 843 2673 by
859 2620 878 2657 a
896 2603 1003 2657 sudden
1021 2603 1128 2658 attach.

259 2737 383 2802 Marus
402 2737 522 2820 oppidi
540 2742 560 2802 a
580 2736 720 2819 planitie
739 2747 844 2819 atque
862 2735 961 2801 initio
980 2742 1143 2801 ascensus
1162 2742 1256 2802 recta
1272 2731 1316 2814 46

190 2845 344 2928 regione,
371 2851 400 2910 si
426 2846 541 2910 nullus
565 2845 741 2911 anlractus
767 2844 1006 2921 intercederet,
1035 2863 1107 2910 ucc
1135 2850 1256 2928 passas
1274 2873 1308 2910 20

189 2954 321 3032 aberat3
344 2954 509 3038 quicquid
533 2954 600 3020 htic
624 2953 788 3020 circuitus
811 2953 853 3019 ad
877 2953 1104 3018 molliendum
1128 2954 1256 3019 clivum

189 3073 389 3140 accesserat,
410 3063 444 3128 id
465 3064 614 3147 spatium
636 3062 766 3129 itineris
786 3063 946 3147 augebat.
996 3046 1165 3128 timedio
1186 3062 1256 3128 lere

190 3172 278 3237 colle
305 3171 339 3236 in
368 3171 636 3257 longitudinem,
666 3183 703 3237 ut
732 3177 855 3240 nattira
884 3170 1013 3237 montis
1042 3171 1182 3248 lerebat,
1211 3194 1256 3237 ex

189 3280 380 3365 grandibus
401 3287 493 3347 saxis
515 3301 553 3346 vr
577 3282 706 3365 pedum
728 3287 867 3346 murum
889 3287 950 3365 qui
971 3287 1171 3346 nostrerum
1194 3281 1256 3346 im-

189 3402 310 3474 petum
346 3390 497 3456 tardaret
532 3390 787 3474 praeduxerant
823 3389 912 3456 Galli
945 3400 1061 3473 atque,
1094 3389 1256 3454 inleriere
1275 3420 1306 3470 ως

190 3505 287 3564 omni
314 3499 427 3582 spatio
456 3505 567 3565 vacuo
594 3499 726 3576 relicta,
755 3499 968 3584 superierem
997 3511 1130 3583 partem
1160 3499 1256 3565 collis

190 3613 299 3692 [isque
320 3609 362 3674 ad
384 3614 523 3674 murum
546 3609 666 3693 oppidi
687 3608 899 3673 densissimis
920 3614 1039 3674 castris
1061 3609 1257 3692 compleve-

189 3726 276 3782 rant.
327 3717 457 3784 Milites
475 3718 557 3783 dato
576 3723 678 3802 signa
696 3715 852 3783 celeriter
869 3718 912 3782 ad
930 3717 1163 3783 munitionem
1181 3739 1257 3803 per·

189 3826 332 3893 veniunt
352 3849 498 3911 eamque
517 3832 722 3911 transgressi
741 3832 841 3891 trinis
859 3831 979 3891 castris
999 3826 1196 3910 potiuntur3
1216 3833 1256 3894 ac

190 3945 286 4003 tanta
305 3935 368 4001 luit
389 3937 423 4000 in
444 3941 563 4008 castris
583 3934 758 4027 capiendis
779 3934 935 4003 celeritas
956 3945 993 4006 ut
1013 3935 1255 4014 Teutomatus
1275 3971 1307 4030 30
