3014 4452
507 384 624 439 tiana
650 383 713 438 vn.
741 383 824 438 ear.
849 381 963 452 87490.
1206 399 1266 465 225

199 564 273 630 dux
289 574 323 630 et
339 571 500 649 princeps
518 565 759 642 Lemovicum,
777 563 961 643 occiditur;
979 562 1268 630 Vercassivellau-

200 695 266 740 nus
282 674 461 741 Arvernus
479 681 578 740 vivus
595 673 630 738 in
648 673 733 760 luga
749 672 1055 759 comprehenditur
1062 695 1070 752 ;
1088 680 1188 758 signa
1206 679 1268 738 mi-

200 782 311 849 litaria
330 802 472 848 Lxxun
492 784 533 849 ad
555 783 737 849 Caesarem
757 782 966 860 referuntur3
984 788 1086 866 pauci
1105 803 1149 846 ex
1169 787 1268 846 tanto

200 898 347 959 numero
369 899 406 959 se
427 892 619 959 incolumes
640 892 676 958 in
698 903 811 958 castra
834 891 1015 976 recipiunt.
1064 889 1268 975 Ccinspicaiti

200 1023 243 1068 ex
263 1002 395 1087 oppido
414 1002 556 1068 caedem
576 1013 610 1068 et
630 1002 749 1087 lugam
770 1007 924 1078 sutirum,
945 1001 1127 1083 desperata
1147 1000 1266 1074 salute,
1286 1023 1298 1072 5

200 1111 318 1196 copias
339 1118 359 1178 a
380 1111 633 1178 munitionibus
654 1110 835 1177 reducunt.
886 1109 942 1175 Fit
964 1109 1123 1194 protinus
1144 1110 1209 1174 hac
1232 1114 1268 1174 rei

200 1221 318 1287 audita
343 1243 387 1287 ex
414 1226 534 1286 castris
561 1219 741 1286 Gallorum
768 1219 860 1304 iuga.
911 1218 1019 1304 Quod
1047 1218 1111 1282 nisi
1139 1217 1267 1318 crebgis

199 1329 360 1395 subsidiis
374 1337 414 1396 ac
430 1336 538 1396 totius
553 1328 621 1394 diei
637 1328 754 1394 labore
770 1328 896 1393 milites
911 1338 1025 1393 essent
1041 1327 1176 1405 defessi,
1193 1347 1267 1392 orn-

199 1445 260 1504 nes
276 1439 431 1504 hostium
446 1438 567 1523 copiae
583 1438 689 1503 deleri
705 1436 910 1522 potuissent.
961 1437 1017 1503 De
1033 1437 1148 1502 media
1164 1447 1267 1502 nocte

198 1548 323 1613 missus
342 1548 517 1632 equitatus
538 1547 766 1616 novissimum
786 1567 914 1631 agmen
935 1545 1174 1630 consequitur3
1196 1552 1267 1611 ma·
1287 1572 1317 1609 ιο

199 1677 290 1742 gnus
303 1678 469 1722 numerus
484 1656 618 1741 capitur
632 1666 737 1741 atque
752 1655 957 1721 interficitur
963 1677 971 1734 ;
987 1655 1108 1739 reliqui
1123 1676 1168 1721 ex
1183 1654 1267 1740 luga

200 1766 234 1831 in
255 1765 412 1832 civitates
433 1765 625 1832 discedunt.

501 1939 665 1993 Surrender
682 1940 718 2012 of
734 1940 961 2012 Vercr'rgetorr'x.

267 2049 414 2115 Postero
441 2050 498 2115 die
526 2049 797 2134 Vercingetorix
827 2035 975 2114 concilio
1005 2055 1201 2115 convocato
1231 2047 1266 2114 id
1284 2054 1326 2136 89

198 2159 326 2225 bellum
340 2166 377 2225 se
390 2160 581 2243 suscepisse
595 2166 666 2225 non
680 2166 820 2225 suarum
835 2159 1081 2225 necessitatum
1096 2159 1156 2224 sed
1171 2180 1266 2224 com-

199 2267 313 2332 munis
333 2269 499 2334 libertatis
519 2276 622 2335 causa
641 2270 872 2347 demonstran
892 2279 927 2333 et
947 2268 1113 2351 quoniam
1134 2268 1178 2334 sit
1199 2268 1267 2332 lor·
1287 2297 1315 2347 ις

200 2381 307 2442 timae
325 2377 530 2454 cedendum,
551 2378 594 2443 ad
614 2388 800 2463 utramque
819 2400 891 2444 rem
911 2384 947 2444 se
966 2377 1031 2443 illis
1050 2377 1185 2455 offerre,
1207 2400 1267 2444 seu

199 2495 313 2550 morte
325 2491 388 2550 sua
402 2487 570 2551 Romanis
584 2486 777 2554 satisfacere
791 2509 852 2553 seu
866 2494 984 2553 vivum
999 2486 1134 2553 tradere
1150 2487 1265 2553 velint.

200 2592 391 2658 Mittuntur
403 2593 447 2659 de
458 2594 511 2659 his
524 2595 626 2660 rebus
638 2595 681 2660 ad
694 2595 877 2662 Caesarem
890 2597 1006 2679 legati.
1057 2595 1159 2661 Iubet
1173 2615 1267 2662 arma

200 2702 299 2780 tradi,
323 2703 495 2787 principes
519 2704 674 2788 produci.
725 2705 804 2789 Ipse
828 2706 862 2771 in
887 2707 1082 2774 munitione
1107 2713 1171 2792 pro
1195 2728 1266 2773 cas·

200 2817 260 2877 trIs
273 2812 436 2891 considit3
449 2819 491 2879 eo
505 2813 610 2878 duces
623 2813 874 2898 producuntur.
923 2816 1195 2902 Vercingetorix
1209 2817 1267 2882 de·
1286 2849 1318 2886 20

100 2930 103 2936 '
198 2920 305 3000 ditur;
317 2942 412 2987 arma
424 2921 649 3005 proiciuntur.
702 2924 898 2991 Reservatis
912 2926 1070 2992 Haeduis
1084 2937 1188 3010 atque
1202 2927 1267 2992 Ar-

200 3147 345 3224 captivis
370 3147 434 3206 toti
460 3141 628 3207 exercitui
653 3143 767 3227 capita
791 3144 928 3229 singula
953 3145 1099 3229 praedae
1125 3145 1266 3211 nomine

199 3249 383 3317 distribuit.

336 3423 534 3478 Distributtbn
552 3425 589 3496 os
604 3424 735 3480 Caesar's
752 3429 849 3496 troops
861 3426 918 3497 for
936 3426 985 3480 the
1001 3429 1115 3480 writter.

541 3512 763 3585 Thanksgiving
780 3519 814 3566 at
830 3514 924 3568 Rome.

267 3637 335 3703 His
356 3640 459 3705 rebus
480 3638 647 3705 conlectis
669 3641 703 3705 in
727 3641 896 3706 Haeduos
917 3640 1161 3724 proficiscitur3
1184 3643 1264 3708 civi·
1282 3670 1326 3737 9⁰

198 3751 306 3812 tatem
341 3748 472 3832 recipit.
534 3749 588 3814 Εὸ
624 3749 730 3833 legati
764 3750 808 3814 ab
844 3749 1010 3815 Arvernis
1045 3750 1140 3816 missi
1176 3771 1263 3834 quae

150 3883 156 3894 ·
198 3853 382 3940 imperaret
422 3863 458 3922 se
498 3856 651 3922 facturos
691 3857 906 3940 pollicentur.
972 3858 1124 3943 Imperat
1167 3866 1264 3944 mag-

199 3985 282 4031 num
304 3986 487 4031 numerum
509 3965 682 4030 obsidum.
729 3966 904 4051 Legiones
926 3965 960 4031 in
981 3968 1124 4032 hiberna
1145 3968 1262 4034 mittit.
