3000 4456
268 346 310 393 20
656 331 769 384 BELLI
796 330 957 386 GALLICl

268 506 397 574 Galliae
418 506 615 592 provinciae
634 508 956 597 Allobrogibusque
976 520 1099 578 essent.
1152 511 1258 580 Baias
1278 535 1334 599 pe-

269 616 426 683 tentibus
447 617 615 698 Haeduis
637 619 733 704 quod
753 619 896 705 egregia
915 619 1046 686 virtete
1066 631 1164 686 erant
1187 621 1331 707 segniti,

269 737 308 792 ut
337 725 372 792 in
400 726 527 794 linibus
555 734 625 795 suis
653 729 889 807 conlocarent,
919 728 1105 808 concessit;
1134 729 1260 814 quibus
1288 729 1335 796 illi

268 841 372 921 agros
389 836 571 915 dederunt,
590 843 748 922 quasque
765 844 889 922 postea
906 837 941 903 in
959 858 1077 923 parem
1095 837 1178 904 iaris
1195 838 1332 904 liberta-

234 967 247 1015 5
268 943 381 1030 tisque
399 945 652 1026 condicienem,
672 957 779 1032 atque
797 946 862 1033 ipsi
880 958 988 1027 erant,
1008 953 1224 1033 receperunt.

335 1153 465 1210 Number
476 1157 513 1229 os
520 1156 569 1210 the
579 1157 751 1212 Helvetium
761 1157 855 1231 before
866 1158 929 1211 and
937 1159 1018 1231 aster
1030 1157 1078 1212 the
1088 1158 1261 1229 expedition.

206 1299 250 1368 29
338 1283 378 1348 In
398 1289 520 1378 eastris
541 1283 787 1349 Helvetierum
807 1285 944 1349 tabulae
964 1293 1118 1369 repertae
1137 1295 1219 1350 sunt
1240 1285 1334 1350 litte-

267 1399 313 1456 ris
330 1391 470 1459 Graecis
486 1393 668 1458 coniectae
684 1403 719 1458 et
736 1392 781 1458 ad
799 1391 982 1459 Caesarem
998 1393 1136 1471 relatae,
1155 1392 1281 1476 quibus
1297 1393 1332 1458 in

268 1501 393 1568 tabulis
422 1500 631 1567 nominatim
659 1500 750 1566 ratio
779 1502 940 1567 ceniecta
967 1511 1051 1579 erat,
1082 1506 1141 1585 qui
1168 1497 1332 1567 numerus¹

267 1609 375 1676 dome
399 1616 526 1676 exasset
550 1615 673 1674 eorum
698 1614 757 1693 qui
781 1629 876 1674 arma
899 1609 986 1675 ferre
1011 1619 1164 1692 possent,
1190 1619 1224 1676 et
1249 1609 1331 1675 item

217 1753 249 1789 ιο
268 1717 454 1805 separatim
482 1729 570 1804 quot
599 1724 706 1804 pueri,
736 1725 834 1784 senes
861 1718 1099 1804 mulieresque.
1155 1719 1333 1805 [Quarum

266 1829 423 1896 omnium
456 1827 589 1914 rerum]
627 1849 764 1894 summa
796 1839 868 1894 erat
900 1828 1053 1912 capitum
1088 1827 1331 1896 Helvetierum

269 1937 401 2004 milium
434 1957 589 2017 ccnxnr,
622 1936 855 2023 Tulingerum
889 1936 1023 2003 milium
1056 1955 1189 2016 xxxw,
1225 1936 1332 2002 Lato-

266 2048 447 2133 brigerum
472 2066 574 2126 xnn,
601 2048 842 2114 Rauraeerum
867 2066 981 2126 xx111,
1008 2046 1176 2112 Baiarum
1202 2065 1330 2121 xxx113

266 2179 309 2223 ex
327 2157 390 2235 his,
407 2164 466 2242 qui
482 2179 577 2223 arma
594 2158 681 2223 ierre
697 2166 851 2242 possent,
869 2157 912 2221 ad
928 2155 1022 2221 milia
1039 2154 1232 2239 nonaginta
1248 2153 1328 2218 duo.

218 2291 246 2338 15
266 2266 411 2333 Summa
428 2268 586 2334 omnium
604 2269 744 2334 luerunt
765 2269 808 2333 ad
828 2266 922 2332 milia
941 2283 1141 2332 cccnxv111.
1187 2264 1329 2340 Eorum,

265 2383 324 2462 qui
341 2378 486 2444 domum
503 2377 690 2455 redierunt,
708 2383 813 2443 censu
832 2375 962 2453 habite,
981 2384 1021 2441 ut
1041 2372 1169 2440 Caesar
1185 2372 1330 2456 impera-

265 2495 373 2566 verat,
387 2498 545 2572 repertus
559 2498 611 2552 est
628 2507 792 2552 numerus
808 2473 941 2551 milium
958 2503 978 2549 c
993 2492 1028 2549 et
1046 2502 1080 2548 x,

292 2711 397 2765 Caesar
408 2713 528 2765 receives
540 2710 587 2765 the
598 2711 847 2782 cmaeratulattbns
858 2710 894 2781 os
901 2707 950 2762 the
963 2707 1058 2762 Gallic
1069 2704 1168 2778 chiess,
1180 2703 1245 2758 who
1257 2702 1309 2755 ask

623 2799 681 2871 sor
689 2815 708 2850 a
714 2797 842 2869 general
850 2796 967 2851 council.

206 2948 249 3012 30
337 2925 433 2990 Bello
457 2924 703 2990 Helvetierum
725 2923 887 2990 cenlecte
910 2928 1022 2988 tetius
1043 2921 1113 2987 fere
1136 2919 1265 2986 Galliae
1287 2919 1334 2983 le-

265 3039 351 3118 gati,
366 3033 537 3118 principes
551 3033 745 3113 civitatum,
761 3034 805 3099 ad
819 3031 1003 3098 Caesarem
1017 3030 1235 3116 gratulatum
1248 3049 1331 3094 con-

216 3169 249 3206 20
266 3149 450 3209 venerunt:
472 3142 681 3228 Intellegere
701 3149 784 3222 sese,
806 3147 948 3207 tametsi
969 3146 1032 3225 pre
1052 3138 1227 3205 veteribus
1249 3137 1334 3203 Hel-

267 3251 442 3318 vetierum
466 3250 599 3317 iniuriis
622 3251 742 3335 populi
767 3251 920 3316 Remani
942 3250 986 3317 ab
1011 3249 1064 3314 his
1088 3253 1218 3333 poenas
1242 3246 1334 3313 bello

267 3367 457 3444 repetisset,
479 3370 596 3426 tamen
616 3380 693 3426 eam
711 3379 783 3424 rem
802 3365 873 3425 nen
893 3358 1008 3425 minus
1028 3381 1073 3425 ex
1091 3362 1156 3423 esu
1181 3356 1328 3441 [terrae]

267 3469 396 3536 Galliae
413 3490 517 3554 quam
533 3467 655 3553 populi
671 3468 823 3534 Remani
838 3467 1018 3546 accidisse;
1036 3473 1222 3552 propterea
1239 3465 1335 3550 quod

268 3585 311 3645 ee
338 3577 483 3644 consilia
511 3576 762 3643 flerentissimis
789 3576 892 3642 rebus
919 3576 1045 3640 domos
1072 3581 1151 3640 suas
1179 3572 1334 3638 Helvetii

218 3721 248 3770 25
268 3686 496 3773 reliquissent,
519 3695 573 3753 uti
594 3693 663 3752 toti
686 3685 816 3752 Galliae
837 3684 966 3750 bellum
986 3682 1152 3749 inferrent
1174 3680 1335 3766 imperio-

268 3819 335 3882 que
362 3803 562 3882 potirentur
588 3795 775 3880 locumque
802 3792 979 3860 domicilia
1007 3815 1052 3859 ex
1079 3797 1207 3878 magna
1234 3789 1336 3874 copia

269 3894 472 3990 deligerent,
494 3924 599 3988 quem
621 3925 666 3969 ex
687 3908 784 3968 onrni
805 3900 915 3970 Gallia
936 3899 1272 3988 opportfinissimum
1294 3903 1335 3963 ac
