3044 4442
610 1122 744 1181 LIBER
773 1121 976 1182 TERTIUS.

263 1300 433 1368 cnssnn’s
456 1319 575 1365 rrum)
601 1319 809 1379 cnutonem
834 1318 1068 1366 orsmnous
1093 1320 1135 1365 ru
1160 1320 1325 1368 vmuous

554 1415 668 1462 ennrs
689 1416 737 1463 or
758 1415 867 1475 unus,
890 1416 920 1462 s.
944 1416 974 1463 c.
993 1411 1030 1470 5⁶.

449 1567 539 1622 Galba
552 1569 579 1622 t's
589 1573 631 1621 set
644 1574 673 1622 to
677 1569 786 1639 guard
794 1567 843 1622 the
848 1571 948 1638 posses
958 1569 995 1641 of
1002 1569 1051 1623 the
1061 1569 1142 1640 Alps.

225 1731 240 1781 1
331 1709 420 1776 Cum
437 1709 472 1775 in
490 1710 625 1776 Italiam
642 1709 920 1794 proficisceretur
936 1710 1072 1790 Caesar,
1090 1711 1162 1778 Ser.
1182 1711 1327 1779 Galbam
1374 1763 1376 1768 .

262 1841 341 1886 cum
358 1819 496 1905 legione
514 1838 571 1884 x11
588 1829 623 1885 et
639 1829 736 1903 parte
752 1819 927 1904 equitatus
943 1821 978 1886 in
996 1821 1202 1900 Nantuates,
1219 1821 1327 1888 Vera-

262 1933 345 2013 gros
369 1926 599 2012 SedunOsque
624 1927 726 2008 misit,
751 1935 810 2013 qui
834 1935 854 1994 a
878 1928 1005 1995 linibus
1030 1929 1266 2016 Allobrogum
1291 1942 1325 1996 et

261 2037 337 2103 lacu
361 2036 542 2103 Lemanno
563 2047 598 2103 et
620 2038 763 2104 flumine
783 2038 959 2104 Rhodano
980 2038 1023 2103 ad
1045 2045 1198 2104 summas
1218 2038 1327 2123 Alpes

228 2178 241 2228 ς
262 2147 445 2230 pertinent.
485 2146 597 2214 Causa
611 2147 770 2213 mittendi
784 2147 847 2213 luit
861 2147 955 2232 quod
970 2147 1034 2212 iter
1048 2167 1109 2230 per
1122 2146 1240 2230 Alpes,
1254 2153 1325 2230 quo

261 2261 392 2340 magno
411 2277 491 2322 cum
511 2256 665 2340 periculo
685 2261 889 2340 magnisque
909 2276 989 2320 cum
1010 2253 1176 2339 portoriis
1197 2261 1326 2321 merca-

262 2371 357 2432 tores
372 2372 421 2431 ire
438 2372 659 2445 consuerant,
677 2363 833 2448 patefieri
851 2365 1001 2430 volebat.
1046 2364 1141 2431 Huic
1159 2365 1325 2451 permisit,

261 2482 290 2541 si
307 2497 397 2561 opus
415 2497 489 2542 esse
506 2475 743 2552 arbitraretur,
763 2480 816 2539 uti
834 2472 867 2539 in
887 2473 940 2540 his
958 2474 1044 2541 locis
1063 2473 1239 2560 legionem
1258 2473 1327 2539 hie·
1443 2565 1445 2568 Ι

261 2586 379 2653 mandi
394 2592 497 2653 causa
510 2585 721 2651 conlocaret.

214 2720 245 2757 ιο
333 2696 443 2763 Galba
468 2695 628 2761 secundis
653 2693 787 2777 aliquot
815 2691 954 2777 proeliis
982 2692 1081 2758 factis
1109 2693 1327 2776 castellisque

261 2804 498 2890 compluribus
514 2809 635 2869 ebrum
651 2807 873 2886 expugnatis,
890 2800 1002 2867 missis
1017 2800 1060 2867 ad
1077 2822 1158 2867 eum
1174 2800 1328 2885 undique

261 2917 388 3001 legatis
405 2912 654 2996 obsidibusque
673 2911 762 2976 datis
781 2921 816 2976 et
837 2916 921 2994 pace
939 2908 1042 2988 iacta,
1063 2908 1249 2976 constituit
1270 2930 1327 2976 co-

262 3026 383 3091 hortes
399 3023 484 3088 duas
501 3021 535 3086 in
554 3021 795 3086 Nantuatibus
811 3019 995 3085 conlocare
1012 3029 1047 3084 et
1066 3018 1138 3103 ipse
1155 3040 1235 3085 cum
1253 3019 1327 3085 r'eli-

262 3140 339 3218 quis
359 3131 432 3198 eius
452 3129 600 3216 legionis
619 3128 825 3197 cohortibus
844 3127 879 3193 in
898 3134 976 3193 vico
998 3127 1246 3213 Veragrorum,
1269 3133 1327 3212 qui

214 3262 243 3310 15
262 3241 456 3326 appellatur
482 3240 697 3318 Octodurus
725 3237 892 3316 hiemare;
918 3243 978 3321 qui
1005 3242 1103 3303 vicus
1129 3235 1266 3321 positus
1293 3235 1328 3301 in

264 3350 351 3416 valle
375 3355 445 3415 non
469 3355 598 3434 magna
621 3347 757 3414 adiecta
782 3345 927 3431 planitie
950 3345 1124 3412 altissimis
1149 3344 1328 3411 montibus

263 3459 416 3544 undique
437 3459 647 3525 continetur.
694 3456 785 3524 Cum
806 3457 862 3522 hic
883 3455 918 3520 in
941 3456 1027 3522 duas
1048 3460 1166 3538 partes
1187 3452 1329 3520 flumine

265 3569 486 3647 divideretur,
513 3568 657 3634 alteram
682 3576 820 3652 partem
842 3564 916 3632 eius
941 3570 1008 3631 vici
1033 3562 1140 3629 Gallis
1172 3563 1233 3648 [ad
1258 3562 1329 3628 hie-

264 3679 448 3764 mandum]
479 3677 660 3756 concessit,
686 3678 831 3742 alteram
856 3695 1003 3741 vacuam
1027 3673 1070 3739 ab
1096 3674 1149 3739 his
1173 3672 1329 3740 relictam

214 3815 246 3851 20
264 3788 469 3856 cohortibus
489 3785 662 3853 attribuit.
708 3785 801 3851 Eum
822 3786 939 3851 locum
960 3783 1050 3848 vallo
1072 3781 1233 3867 fossaque
1255 3787 1329 3846 mri-

264 3898 361 3964 nivit.

458 4004 490 4053 62
544 4059 549 4071 ¹
