3048 4444
253 334 312 397 166
635 338 747 390 BELLl
773 336 932 390 GALLlCl

251 527 304 582 ter
323 537 420 601 spem
442 517 626 583 incolumis
647 517 681 582 in
702 527 814 583 castra
835 515 1002 600 pervenit,
1024 535 1103 599 pars
1123 519 1145 580 a
1164 512 1317 580 barbaris

251 623 487 692 circumventa
511 627 622 711 periit.

447 766 476 819 Τ
470 765 507 820 hc
525 766 667 821 Germane
683 769 774 821 retire
789 766 854 820 and
869 767 976 822 Caesar
993 771 1119 820 returns.

189 885 230 952 41
320 874 485 942 Germani
506 877 688 961 desperata
708 877 972 961 expugnatione
994 881 1198 952 castratum,
1221 872 1317 959 quod
1416 944 1420 953 ,

250 991 389 1051 nostros
408 985 476 1051 iam
495 986 691 1052 constitisse
710 987 745 1052 in
766 985 1019 1052 munitic‘mibus
1040 983 1214 1061 videbant,
1234 1004 1314 1049 cum

217 1100 292 1163 sea
316 1095 442 1180 praeda
466 1117 571 1179 quam
597 1095 631 1160 in
656 1073 749 1161 silvis
773 1095 1006 1181 deposuerant
1031 1100 1127 1160 trans
1152 1093 1316 1159 Rhenum

249 1210 324 1270 sese
344 1210 556 1289 receperunt.
606 1189 660 1270 Ᾱε
680 1216 797 1272 tantus
817 1204 881 1270 luit
901 1205 1006 1271 etiam
1026 1215 1106 1289 post
1126 1204 1315 1269 discessum

250 1313 404 1380 hostium
426 1325 537 1380 terror
558 1326 596 1381 ut
618 1321 659 1380 ea
680 1326 783 1380 nocte
805 1335 885 1379 cum
907 1313 945 1380 C.
969 1313 1169 1380 Volusenus
1190 1313 1316 1377 missus

249 1443 328 1488 cunr
341 1422 497 1507 equitatu
509 1423 544 1488 in
557 1434 668 1489 castra
681 1423 841 1501 venisset,
855 1423 959 1488 fidem
973 1430 1043 1488 non
1057 1423 1183 1488 laceret
1197 1423 1316 1487 adesse

248 1552 328 1597 cum
343 1531 508 1598 incolumi
523 1532 885 1598 Caesaremexercitir.
935 1531 992 1598 Sic
1007 1531 1166 1597 omnium
1181 1530 1316 1596 animos

201 1665 232 1702 ιο
250 1641 355 1706 timor
370 1647 600 1726 occupaverat
617 1653 654 1706 ut
671 1662 780 1726 paene
796 1640 944 1707 alienata
959 1653 1086 1717 mente,
1104 1641 1225 1706 deletis
1241 1661 1315 1705 om-

250 1750 351 1816 nibus
374 1751 483 1835 copiis
505 1750 699 1835 equitatum
723 1757 760 1817 se
783 1773 827 1816 ex
851 1750 935 1836 luga
957 1751 1126 1835 recepisse
1150 1751 1313 1827 dicerent,

249 1881 361 1944 neque
389 1860 554 1925 incolumi
582 1861 736 1926 exercita
768 1861 961 1927 Germanos
990 1871 1100 1926 castra
1129 1866 1311 1945 oppagna-

248 1975 346 2035 turos
374 1969 478 2034 luisse
506 1969 767 2036 contenderent.
818 1969 935 2055 Quem
965 1969 1128 2034 timorem
1158 1967 1313 2035 Caesaris

248 2079 417 2146 adventus
435 2077 582 2144 sustulit.

521 2233 614 2305 Effert
631 2235 667 2308 os
680 2235 728 2289 the
747 2235 873 2290 German
891 2237 1034 2290 invasion.

248 2454 342 2537 quod
365 2455 527 2521 cohortes
547 2478 592 2521 ex
613 2455 763 2522 statione
784 2466 818 2522 ct
840 2455 1012 2541 praesidio
1034 2467 1147 2522 essent
1169 2455 1313 2520 emissae

248 2573 457 2648 questus-
478 2570 521 2630 ne
543 2565 726 2631 minimum
748 2566 889 2650 quidem
912 2571 1006 2631 casui
1028 2566 1145 2630 locum
1168 2564 1312 2647 relinqui

247 2672 465 2740 debuisse-
479 2675 628 2740 multum
643 2674 819 2740 {ortanam
835 2675 869 2740 in
886 2680 1068 2758 repentino
1085 2673 1238 2739 hostium
1255 2672 1312 2738 ad-

249 2789 353 2849 ventu
380 2783 534 2868 potuisse
560 2783 739 2860 iiulicavit;
765 2784 877 2848 multo
903 2784 1007 2849 etiarn
1033 2782 1190 2866 amplius
1217 2781 1311 2866 quod

196 2923 228 2960 ιο
248 2915 355 2978 paene
371 2894 414 2959 ab
431 2893 507 2977 ipso
524 2893 614 2958 vallo
631 2899 810 2976 porasque
827 2898 1019 2958 castrorum
1037 2893 1201 2957 barbaras
1217 2899 1313 2958 aver-

247 3003 352 3068 tisset.
403 3002 563 3086 Quarum
584 3000 741 3066 omnium
762 3007 876 3066 rerum
899 3002 1051 3067 maxime
1071 3001 1312 3067 admirandum

248 3113 439 3188 videbatur,
471 3110 566 3195 quod
600 3109 775 3184 Germani,
807 3117 866 3193 qui
898 3117 940 3175 eo
972 3111 1117 3177 consilio
1150 3112 1312 3177 Rhenum

247 3219 462 3296 transierant,
495 3230 532 3284 ut
564 3217 780 3302 Ambiorigis
813 3218 899 3284 fines
931 3219 1236 3304 depopularentur,
1269 3219 1311 3286 ad

247 3339 361 3396 castra
397 3328 638 3394 Romanorum
674 3327 781 3392 delati
816 3327 1077 3411 optatissimum
1113 3328 1312 3414 AmbiorIgi

196 3462 227 3514 25
248 3435 455 3505 beneficium
477 3436 683 3503 obtulerant.

413 3591 520 3648 Caesar
531 3587 672 3662 pum'slus
690 3588 738 3643 the
755 3589 842 3643 tribes
858 3589 955 3644 wht'ch
973 3595 1059 3646 resist
1075 3593 1147 3648 hon.

187 3718 230 3787 43
318 3703 453 3780 Caesar,
470 3706 587 3767 rursus
603 3701 646 3766 ad
662 3700 840 3766 vexandos
856 3699 974 3766 hostes
991 3702 1167 3786 profectus
1184 3707 1314 3787 magno

248 3813 405 3899 equitum
425 3817 548 3878 coacto
568 3815 714 3876 numero
733 3831 776 3875 ex
796 3808 951 3900 finitimis
970 3810 1167 3877 civitatibus
1187 3812 1221 3875 in
1240 3833 1314 3876 orn-

248 3929 309 3990 nes
329 3927 441 4009 parties
460 3918 614 3986 dimittit.
659 3919 793 3988 Omnes
814 3923 879 3984 vici
898 3929 1002 4003 atque
1023 3920 1139 3985 omnia
1159 3917 1313 3984 aedificia
