3044 4442
251 327 308 387 128
631 326 743 405 BELLl
770 325 928 379 GALLlCl

247 513 470 580 concurrunt,
495 504 624 569 vallum
649 504 898 570 conscendunt.
948 501 1066 588 Aegre
1089 501 1117 567 is
1140 500 1215 568 dies
1238 520 1313 568 sus·

247 616 411 688 tentatur,
431 613 524 694 quod
544 634 685 678 omnem
705 633 802 696 spem
821 613 939 691 hostes
958 611 992 676 in
1011 609 1185 677 celeritate
1205 616 1312 695 pona·

248 720 330 785 bant
347 731 451 804 atque
468 720 557 785 hanc
576 722 691 804 adepti
708 720 888 787 victoriam
906 719 941 785 in
958 731 1167 805 perpetuum
1184 726 1221 786 sa
1238 719 1313 786 lore

248 828 397 894 victores
415 828 647 895 confidebant.

576 1005 850 1076 Preparatrbnssor
861 1004 981 1077 defense.

187 1127 230 1193 40
319 1110 510 1176 Mittuntur
535 1113 578 1177 ad
604 1112 787 1179 Caesarem
813 1113 996 1179 confestim
1022 1120 1043 1180 a
1065 1111 1235 1179 Cicerone
1259 1109 1313 1177 lit-

248 1231 352 1295 terae,
378 1225 515 1303 magnis
536 1221 728 1304 propositis
753 1221 913 1306 praemiis
938 1228 965 1285 si
991 1221 1225 1305 pertulissent;
1251 1220 1312 1285 ob-

246 1333 346 1391 sessis
361 1329 523 1393 omnibus
537 1329 600 1394 vias
614 1329 708 1416 missi
723 1329 997 1413 intercipiuntur.
1048 1328 1081 1394 N
1085 1334 1167 1394 octo
1182 1350 1227 1393 ex
1240 1333 1312 1392 ma-

246 1435 343 1512 teria,
370 1457 474 1519 quam
500 1437 704 1503 monitionis
730 1445 833 1504 causa
858 1443 1173 1522 comportaverant,
1199 1442 1312 1502 turres

247 1544 437 1609 admodum
466 1564 539 1610 cxx
567 1545 764 1611 excitantur
790 1546 981 1611 incredibili
1008 1545 1197 1622 celeritate;
1223 1565 1312 1630 quae

198 1673 228 1710 10
246 1653 364 1719 deesse
384 1660 480 1737 operi
498 1654 714 1732 videbantur,
734 1655 968 1739 perficiuntur.
1019 1652 1152 1720 Hostes
1171 1659 1312 1739 postero

246 1762 302 1827 die
326 1763 437 1827 multo
461 1763 650 1829 maioribus
674 1763 803 1830 coactis
826 1763 935 1847 copiis
958 1774 1069 1829 castra
1092 1769 1311 1849 oppognant,

246 1872 372 1937 lossam
391 1873 578 1956 complent.
628 1858 660 1938 Ᾱ
679 1879 806 1938 nostris
824 1873 947 1938 eadem
964 1872 1098 1945 ratione
1116 1878 1184 1957 qua
1202 1871 1312 1957 pradia

247 1981 424 2046 resistitur.

316 2091 397 2156 Hoc
418 2091 509 2156 idem
529 2090 668 2173 reliquis
688 2089 850 2173 deinceps
870 2089 908 2154 fit
928 2088 1059 2155 diebus.
1110 2088 1214 2154 Ntilla
1233 2110 1312 2172 pars

198 2222 226 2268 15
246 2205 407 2265 nocturni
423 2199 590 2283 temporis
605 2198 647 2264 acl
663 2199 817 2264 laborem
832 2197 1086 2276 intermittitur;
1102 2204 1172 2262 non
1188 2203 1312 2282 aegris

246 2316 316 2373 non
333 2308 520 2373 vulneratis
537 2307 680 2373 facultas
697 2306 821 2390 quietis
838 2307 947 2371 (latur.
998 2285 1252 2390 Quaecumque
1268 2305 1312 2371 ad
1347 2305 1348 2310 ’

247 2417 397 2500 proximi
419 2416 486 2481 diei
508 2415 810 2501 oppugnationem
832 2435 921 2500 opus
941 2424 1021 2478 sunt
1043 2420 1149 2480 nocto
1172 2435 1312 2497 compa-

246 2536 378 2601 rantur;
393 2526 522 2589 multae
537 2531 716 2607 praeustae
732 2523 845 2600 sudes,
861 2529 1010 2606 magnus
1025 2523 1209 2588 moralium
1226 2524 1312 2607 pilo-

245 2654 322 2697 rum
342 2654 506 2697 numerus
524 2633 731 2710 instituitur3
751 2638 862 2697 turres
883 2631 1165 2710 contabulantur3
1186 2631 1311 2716 pinnae

197 2768 229 2805 20
246 2743 441 2826 loricaeque
465 2763 508 2806 ex
531 2741 682 2807 cratibus
704 2751 924 2806 attexuntur.
973 2740 1051 2825 Ipse
1074 2739 1206 2818 Cicero,
1231 2762 1312 2806 cum

246 2850 447 2917 tenuissima
467 2849 662 2915 valett'rdine
680 2859 780 2924 esset,
798 2855 841 2914 no
859 2858 1069 2913 nocturnum
1088 2847 1228 2932 quidem
1247 2848 1312 2914 sibi

246 2971 384 3042 tempus
404 2959 445 3024 ad
468 2957 620 3042 quietem
641 2956 866 3040 relinquebat,
888 2967 925 3021 ut
947 2957 1038 3023 ultro
1059 2957 1208 3022 militum
1228 2977 1312 3023 con-

246 3075 348 3135 curso
368 3075 408 3133 ac
428 3067 572 3132 vocibus
591 3065 655 3130 sibi
674 3086 813 3148 parcere
833 3071 1026 3150 cogeretur.

403 3239 430 3292 T
426 3237 462 3291 he
473 3237 585 3290 Nervii
595 3242 642 3306 try
653 3242 681 3290 to
688 3237 832 3307 persuade
845 3237 942 3290 Cicero
954 3241 982 3289 to
993 3235 1159 3291 withdraw.

186 3383 226 3448 41
316 3353 407 3419 Tum
433 3355 538 3418 ducos
564 3352 804 3437 principesque
831 3352 1052 3429 Nerviorum,
1079 3358 1137 3435 qui
1162 3351 1313 3436 aliquem

196 3496 226 3546 25
248 3464 417 3529 sermonis
442 3463 575 3528 aditum
603 3483 811 3545 causamque
839 3461 1009 3527 amicitiae
1036 3483 1116 3527 cum
1144 3460 1314 3527 Cicerone

247 3574 429 3650 habebant,
447 3572 612 3655 conloqui
630 3577 704 3636 sese
720 3571 806 3636 velle
824 3570 953 3636 dicunt.
1005 3570 1112 3637 Facta
1129 3575 1313 3654 potestate,

247 3683 368 3748 eadem
388 3702 475 3765 quae
495 3680 681 3746 Ambiorix
702 3701 781 3744 cum
802 3678 938 3744 Titinio
959 3685 1077 3763 egerat
1099 3698 1314 3744 commemo-

246 3792 337 3858 rarit:
362 3793 516 3858 Omnem
539 3811 613 3855 esse
636 3789 669 3853 in
692 3793 795 3853 armis
820 3787 976 3866 Galliam,
1002 3787 1196 3854 Germanos
1220 3788 1315 3854 Rhe-

245 3922 329 3967 num
348 3907 520 3976 transisse,
540 3895 694 3964 Caesaris
713 3896 995 3979 reliquorumque
1013 3896 1156 3963 hiberna
1176 3903 1314 3982 opptig-
