3044 4442
520 361 638 413 LIBER
665 361 698 414 V.
724 362 808 415 CAP.
835 375 947 416 20—22.
1210 379 1268 448 ¹¹7

201 541 348 608 vellauni
366 541 485 607 abesse
504 541 597 606 silvis
617 541 869 625 paludibusque
888 533 1073 620 munitum,
1094 547 1165 627 qui)
1184 542 1267 608 satis

200 657 349 736 magnus
388 649 570 715 hominum
609 651 813 735 pecorisque
850 672 1015 718 numerus
1052 652 1264 719 convenerit.

200 760 383 845 Oppidum
401 769 519 825 autem
540 758 697 825 Britanni
715 771 843 826 vocant
862 781 942 826 cunr
961 760 1063 826 silvas
1083 760 1267 845 impeditas

199 870 290 936 vallo
312 871 420 953 atque
439 867 532 934 fossa
554 867 765 946 munierunt,
788 874 860 952 quo
883 869 1089 936 incursionis
1112 869 1265 937 hostiurn

199 978 357 1045 vitandae
372 984 476 1044 causa
490 983 676 1044 convenire
692 983 915 1043 consuerunt.
966 979 1020 1043 Εό
1037 978 1267 1062 proficiscitur
1285 1011 1299 1060 5

201 1109 282 1155 cum
308 1087 519 1173 legionibus;
546 1086 663 1152 locum
691 1086 817 1171 reperit
843 1086 986 1172 egregie
1012 1093 1136 1153 natura
1162 1098 1266 1172 atque

200 1218 306 1283 opere
329 1203 502 1262 munitum
510 1217 518 1274 ;
542 1207 659 1261 tamen
684 1195 777 1261 hunc
799 1197 934 1262 duabus
957 1217 1001 1262 ex
1025 1195 1180 1281 partibus
1204 1218 1265 1282 op-

199 1313 356 1392 pugnare
378 1305 568 1372 contendit.
620 1304 752 1370 Hostes
774 1305 947 1390 paulisper
968 1311 1094 1372 morati
1116 1306 1266 1372 militum

199 1421 400 1481 nostrorum
417 1415 587 1499 impetum
604 1420 676 1479 non
692 1415 847 1480 tulerunt
864 1420 1008 1500 seseque
1025 1413 1090 1481 alia
1107 1437 1151 1481 ex
1169 1427 1265 1500 parte

197 1525 318 1610 oppidi
335 1524 521 1590 eiecerunt.
572 1524 726 1608 Magnus
744 1523 791 1588 ibi
812 1543 976 1589 numerus
996 1524 1131 1608 pecoris
1150 1546 1264 1610 reper-
1285 1561 1316 1597 10

199 1646 265 1712 tus,
281 1634 450 1717 multique
464 1633 499 1697 in
513 1632 597 1718 luga
610 1642 691 1697 sunt
707 1631 949 1715 comprehensi
964 1643 1068 1717 atque
1083 1633 1263 1700 interlecti.

406 1840 432 1894 C
428 1839 627 1893 asst'velaunus
638 1843 672 1892 at
683 1838 740 1892 last
744 1839 832 1909 gives
844 1839 883 1908 up
895 1838 1056 1892 restitance.

268 1971 364 2037 Dum
385 1971 469 2037 haec
489 1971 523 2037 in
544 1971 596 2036 his
616 1972 700 2036 locis
721 1981 900 2055 geruntur,
923 1968 1199 2036 Cassivellaunus
1218 1970 1262 2036 ad
1280 1991 1323 2044 22

200 2081 374 2160 Cantium,
400 2083 495 2167 quod
521 2105 594 2150 esse
619 2084 662 2150 ad
687 2105 781 2150 mare
807 2089 911 2168 supra
936 2082 1263 2160 demonstravimus,

198 2193 323 2276 quibus
336 2193 538 2278 regionibns
552 2213 614 2258 1111
628 2200 729 2279 reges
742 2204 932 2279 praeerant,
948 2192 1166 2278 Cingetorix,
1182 2191 1264 2259 Car-

198 2301 307 2380 viliuS,
326 2301 588 2388 Taximagulus,
607 2303 782 2389 Segovax,
802 2303 944 2370 nuntios
962 2302 1068 2369 mittit
1088 2313 1193 2387 atque
1212 2303 1264 2368 his
1284 2331 1312 2383 ις

198 2412 344 2497 imperat
358 2419 409 2478 uti
424 2418 553 2478 coactis
568 2413 731 2479 omnibus
746 2412 854 2498 copiis
869 2425 979 2480 castra
994 2412 1128 2480 navalia
1143 2413 1187 2479 de
1202 2411 1264 2477 im·

198 2527 338 2605 proviso
356 2521 557 2588 adoriantur
573 2533 677 2606 atque
695 2528 911 2607 oppugnent.
962 2522 1012 2588 Hi
1031 2544 1112 2589 cum
1131 2523 1173 2589 ad
1193 2544 1265 2590 cas·

197 2640 251 2696 tra
263 2631 449 2710 venissent,
464 2636 575 2697 nostri
588 2631 772 2716 eruptione
786 2632 876 2698 lacta
890 2634 1010 2700 multis
1023 2640 1145 2700 ebrum
1159 2633 1264 2699 inter-

198 2738 305 2817 tectis,
326 2746 429 2823 capto
449 2739 553 2805 etiam
574 2740 682 2807 nobili
702 2741 792 2808 duce
813 2742 1045 2829 Lugotorige,
1066 2749 1149 2808 suos
1169 2742 1264 2808 inco

197 2850 308 2915 lumes
324 2849 548 2916 reduxerunt.
1282 2884 1314 2921 20

266 2958 542 3026 Cassivellaunus
556 2959 624 3025 hoc
640 2961 772 3045 proelio
789 2962 960 3041 nuntiato,
976 2973 1030 3028 tot
1046 2963 1263 3029 detrimentis

196 3074 357 3152 acceptis
378 3073 520 3134 vastatis
541 3068 679 3147 linibus,
700 3069 853 3136 maxime
875 3071 980 3137 etiam
1002 3077 1182 3155 permotus
1205 3071 1263 3137 de·

196 3175 346 3242 lectione
370 3177 562 3255 civitatum,
586 3178 722 3264 legatos
746 3201 807 3263 per
831 3179 1035 3246 Atrebatem
1061 3180 1262 3247 Commium

196 3286 239 3352 de
258 3285 435 3356 deditione
455 3287 497 3353 ad
519 3287 701 3355 Caesarem
721 3288 838 3355 mittit.
888 3289 1114 3356 Caesareum
1135 3290 1262 3357 consti-

196 3395 317 3462 tuisset
331 3396 484 3464 hiemare
498 3397 533 3462 in
549 3399 742 3465 continenti
758 3409 900 3484 propter
916 3406 1116 3484 repentinos
1133 3399 1262 3467 Galliae
1281 3433 1312 3481 25

195 3510 324 3583 motus,
338 3526 451 3590 neque
464 3508 614 3572 multum
628 3508 767 3575 aestatis
780 3520 985 3593 superesset,
999 3521 1102 3593 atque
1117 3509 1150 3575 id
1165 3509 1262 3576 lacile

196 3615 331 3680 extrahi
353 3637 455 3699 posse
477 3615 704 3701 intellegeret,
725 3617 864 3684 obsides
885 3617 1042 3702 imperat,
1065 3629 1099 3685 et
1121 3618 1204 3702 quid
1227 3618 1262 3684 in

193 3730 304 3790 annos
332 3724 490 3809 singulos
519 3726 698 3811 vectigalis
727 3727 859 3811 populo
890 3727 1053 3794 Romano
1085 3728 1263 3795 Britannia

196 3833 362 3917 penderet
391 3833 582 3900 constituit.
634 3835 813 3902 Interdicit
842 3847 946 3920 atque
974 3837 1120 3922 imperat
1151 3837 1261 3905 Cassi-

193 3942 366 4022 vellauno,
386 3949 430 4010 ne
450 3942 704 4012 Mandubracio
725 3967 792 4011 neu
811 3945 1083 4016 Trinovantibus
1104 3958 1236 4018 noceat.
1279 3975 1311 4023 ³0
