3044 4442
534 351 652 404 tussa
679 353 729 405 111.
756 353 839 404 cnr.
865 352 943 420 8-9.
1230 351 1273 432 67

204 551 285 596 nem
305 529 517 615 legatianem
537 530 580 596 ad
602 530 639 596 P.
662 529 826 596 Crassum
846 530 1010 597 mittunt:
1031 529 1067 598 Si
1088 529 1169 597 velit
1190 535 1271 595 suas

203 646 416 724 recuperare,
437 639 576 705 obsides
593 640 656 705 sibi
675 639 843 706 remittat.

204 845 311 898 Caesar
322 843 420 897 orders
432 843 480 898 the
491 843 625 916 but'lwg
635 845 671 917 os
679 861 698 898 a
703 845 783 914 steet.
826 843 885 898 ΤΙιι
899 845 1001 898 Veneti
1009 848 1138 915 prepare
1149 843 1271 914 tofight.

275 977 414 1064 Quibus
440 979 483 1045 de
509 981 612 1046 rebus
637 979 765 1046 Caesar
790 987 811 1046 a
838 980 964 1047 Crassi)
992 980 1120 1047 certior
1146 981 1310 1063 lactus,9

204 1089 299 1175 quod
319 1088 392 1174 ipse
412 1087 531 1155 aberat
553 1089 703 1175 longius,
724 1095 829 1156 navas
850 1089 989 1156 interim
1010 1091 1135 1176 longas
1155 1089 1270 1156 aedili-

205 1204 275 1264 cari
299 1197 334 1262 in
359 1197 501 1264 flumine
526 1197 654 1284 Ligeri,
680 1199 775 1284 quod
798 1199 913 1265 influit
938 1199 972 1264 in
999 1181 1192 1278 Oceanum,
1220 1205 1304 1274 rea-5

206 1307 317 1393 miges
344 1329 389 1373 ex
415 1301 594 1392 pravincia
619 1308 768 1388 institui,
798 1316 922 1375 nautas
950 1308 1272 1395 gubernatdrasque

203 1423 397 1502 comparari
411 1417 518 1484 iubet.
559 1419 625 1483 His
639 1417 742 1484 rebus
754 1418 911 1484 celeriter
924 1415 1173 1484 administratis
1187 1417 1270 1501 ipse,

206 1548 286 1593 cum
312 1533 464 1612 primum
490 1549 551 1613 per
577 1534 658 1593 anni
684 1537 824 1613 tempus
850 1526 981 1612 potuit,
1008 1528 1051 1593 ad
1079 1526 1271 1593 exercitum

204 1636 397 1703 contendit.
837 1637 842 1643 '

272 1746 402 1813 Veneti
421 1746 641 1832 reliquaeque
660 1747 745 1816 item
766 1747 927 1813 civitates
947 1747 1095 1832 cagnita
1116 1746 1271 1812 Caesaris
1293 1776 1323 1813 ro

203 1856 368 1934 adventu,
383 1855 484 1921 simul
499 1857 595 1941 quod
609 1866 779 1940 quantum
794 1857 829 1921 in
844 1862 879 1922 sa
893 1856 1025 1922 lacinus
1040 1855 1270 1935 admisissent,

204 1963 466 2050 intellegebant,
485 1965 630 2051 legatas
649 1965 744 2050 quod
763 1971 891 2031 namen
909 1965 952 2030 ad
971 1971 1093 2031 omncs
1111 1965 1272 2031 natianas

205 2080 366 2140 sanctum
388 2073 665 2159 inviolatumque
686 2096 822 2160 semper
842 2074 970 2153 luisset,
993 2080 1151 2140 retentas
1172 2073 1215 2139 ab
1235 2080 1272 2140 sa

205 2193 239 2250 et
262 2183 296 2247 in
318 2183 455 2250 vincula
475 2183 665 2262 coniectas,
688 2190 752 2270 pra
774 2182 1017 2270 magnitudine
1038 2183 1181 2269 periculi
1202 2182 1271 2248 bel-

205 2292 277 2358 lum
296 2299 425 2378 parare,
445 2304 480 2360 et
500 2292 653 2360 maxima
673 2315 722 2373 ea,
743 2315 832 2379 quae
851 2295 895 2360 ad
914 2299 1016 2359 usum
1036 2292 1176 2359 navium
1197 2314 1272 2378 per·
1292 2319 1321 2369 15

205 2403 315 2469 tinent
333 2403 515 2489 pravidere
532 2404 730 2483 instituunt,
749 2405 816 2471 hac
833 2403 964 2470 maiare
982 2409 1054 2487 spe,
1072 2402 1167 2491 quod
1186 2403 1272 2468 mul-

206 2525 281 2580 tum
308 2519 431 2580 natura
455 2515 523 2580 loci
550 2514 782 2580 canfidebant.
847 2514 1024 2581 Pedestria
1050 2535 1124 2580 esse
1150 2513 1272 2579 itinera

205 2629 345 2688 concisa
375 2623 565 2701 aestuariis,
598 2623 861 2708 navigatianem
894 2623 1098 2708 impeditam
1132 2635 1274 2708 propter

204 2731 421 2799 inscientiam
440 2733 598 2800 locarum
617 2732 901 2818 paucitatemque
918 2743 1086 2819 portuum
1105 2733 1271 2812 sciebant,

206 2863 317 2927 neque
352 2848 494 2907 nostras
529 2842 704 2909 exercitus
739 2853 884 2928 propter
917 2841 1083 2908 frumenti
1118 2842 1271 2927 inopiam
1291 2871 1324 2908 ιο

207 2949 338 3017 diutius
360 2951 453 3036 apud
476 2957 513 3017 sa
535 2958 663 3017 morari
685 2974 788 3037 posse
811 2949 1054 3030 canlidebant;
1076 2957 1116 3018 ac
1139 2949 1208 3016 iam
1232 2961 1271 3016 ut

208 3061 325 3126 omnia
349 3067 473 3126 contra
497 3060 700 3145 opinianem
726 3060 934 3140 acciderent,
961 3072 1079 3127 tamen
1106 3067 1142 3127 sa
1169 3061 1273 3146 pluri·

207 3192 303 3238 mum
321 3170 467 3237 navibus
486 3191 598 3255 posse,
617 3171 799 3237 Ramanas
818 3191 930 3256 neque
950 3171 1055 3236 ullam
1074 3170 1272 3236 facultatem

207 3280 332 3346 habere
350 3278 503 3357 navium,
521 3300 634 3364 neque
652 3285 774 3346 carum
793 3280 951 3345 lucarum
971 3279 1030 3345 ubi
1048 3277 1177 3346 bellum
1198 3300 1274 3362 ges-

208 3393 277 3454 turi
308 3398 424 3454 essent
454 3388 552 3465 vada,
584 3394 717 3472 portin,
748 3390 878 3455 insulas
910 3388 1062 3468 navisse;
1094 3395 1134 3456 ac
1167 3390 1273 3474 longe
1293 3419 1323 3469 25

198 3497 307 3592 'aliam
336 3520 411 3565 esse
438 3498 701 3584 navigatianem
730 3498 764 3564 in
794 3500 961 3565 conclusa
991 3505 1076 3565 mari
1104 3509 1210 3584 atque
1239 3499 1274 3564 in

207 3606 405 3674 vastissima
435 3617 543 3693 atque
576 3607 795 3693 apertissima
830 3591 976 3675 Oceani)
1008 3607 1272 3693 perspiciebant.

208 3717 275 3784 His
294 3715 389 3784 initis
408 3717 559 3784 cansiliis
578 3717 709 3803 oppida
729 3716 903 3796 muniunt,
924 3716 1099 3784 framenta
1118 3740 1162 3784 ex
1182 3724 1275 3804 angs

206 3825 241 3893 in
267 3825 398 3914 oppida
422 3838 660 3912 comportant,
688 3832 793 3893 naves
817 3825 853 3891 in
878 3825 1076 3907 Venetiam,
1103 3825 1162 3894 ubi
1190 3827 1275 3894 Cae·

207 3956 319 4004 sarem
337 3943 489 4024 primum
507 3937 638 4004 bellum
655 3940 840 4024 gesturum
859 3937 1054 4015 canstabat,
1076 3958 1182 4023 quam
1200 3935 1275 4022 plu·
1294 3969 1327 4018 ³0
