3048 4444
513 351 631 408 LIBER
656 353 705 408 Vl.
733 351 815 407 CAP.
842 363 955 418 22-24„
1212 367 1269 436 155

200 533 338 602 virtutis
354 533 566 610 existimant,
584 533 749 618 expulsos
766 539 857 617 agris
874 531 1041 598 finitimos
1060 531 1192 609 cedere,
1210 552 1269 598 ne-

201 665 269 728 que
289 663 501 726 quemquam
522 663 632 726 prope
652 647 688 708 se
708 641 834 707 audere
854 639 1058 718 consistere;
1078 639 1180 706 simul
1203 641 1269 707 hoc

201 758 238 818 se
261 751 334 817 iore
358 751 505 821 tritiores
528 751 749 829 arbitrantur,
774 756 974 835 repentinae
998 749 1204 816 incursionis
1228 750 1269 816 ti-

201 867 298 926 more
317 859 464 926 sublato.
514 859 605 927 Cum
624 861 753 926 bellum
770 859 891 926 civitas
909 869 968 925 aut
987 859 1133 925 inlatum
1153 859 1269 925 defen·

200 970 252 1035 dit
268 979 326 1034 aut
343 969 457 1047 infert,
474 969 698 1054 magistratus
715 975 774 1053 qui
791 975 823 1034 ei
838 968 930 1034 bello
948 967 1110 1052 praesint,
1127 979 1162 1034 et
1179 974 1269 1034 vitae
1288 993 1301 1042 5

200 1077 362 1162 necisque
377 1077 527 1143 habeant
541 1084 762 1162 potestatem,
777 1077 988 1162 deliguntur.
1039 1077 1081 1142 In
1096 1084 1180 1162 pace
1195 1078 1270 1143 nid·

200 1189 253 1253 ius
271 1200 322 1254 est
342 1187 538 1253 commanis
556 1187 791 1273 magistratus,
812 1186 872 1253 sed
893 1187 1064 1276 principes
1084 1188 1269 1273 regianum

200 1307 304 1381 atque
325 1303 498 1382 pagarum
519 1297 609 1364 inter
629 1303 711 1362 suos
731 1297 784 1362 iris
804 1297 924 1363 dicunt
945 1297 1269 1381 contraversiasque

202 1406 373 1472 minuunt.

271 1515 470 1582 Latracinia
485 1516 614 1581 nullam
629 1517 756 1582 habent
771 1515 948 1582 infamiam
965 1538 1053 1601 quae
1068 1522 1168 1582 extra
1182 1516 1269 1581 fines
1290 1543 1319 1580 ιο

200 1625 367 1709 citiusque
385 1624 533 1690 civitatis
550 1625 650 1702 fiunt,
668 1637 772 1709 atque
789 1647 829 1691 ea
847 1625 1036 1691 iuventatis
1054 1624 1268 1691 exercendae

201 1741 240 1800 ac
262 1733 413 1800 desidiae
436 1733 645 1800 minuendae
669 1741 772 1800 causa
794 1734 868 1800 fieri
892 1734 1101 1819 praedicant.
1150 1735 1268 1818 Atque

201 1844 259 1909 ubi
276 1844 353 1928 quis
370 1866 414 1909 ex
433 1843 645 1928 principibus
663 1844 697 1909 in
716 1844 864 1910 concilio
881 1843 968 1909 dixit
986 1851 1023 1910 se
1040 1843 1164 1910 ducem
1184 1842 1268 1920 iore,

200 1959 260 2036 qui
277 1959 374 2036 sequi
392 1951 498 2018 velint
516 1952 756 2037 profiteantur,
775 1959 992 2038 consurgunt
1012 1959 1042 2018 ei
1060 1959 1170 2037 quiet
1189 1973 1268 2017 cau-

201 2083 273 2127 sam
293 2073 327 2128 et
346 2062 526 2128 hominem
546 2064 705 2147 probant,
724 2083 897 2147 suumque
917 2061 1085 2128 auxilium
1105 2061 1268 2147 polliceri·
1289 2088 1317 2138 ις

201 2183 267 2249 tur,
283 2183 387 2255 atque
402 2179 422 2238 a
436 2172 658 2238 multitudine
673 2172 939 2250 conlaudautur;
956 2178 1075 2255 quiex
1091 2170 1144 2235 his
1159 2176 1268 2238 secati

202 2287 272 2346 nan
300 2293 381 2348 simt
409 2283 443 2346 in
472 2282 689 2348 desertorum
716 2288 756 2347 ac
784 2281 1003 2365 proditorum
1033 2287 1179 2346 numero
1206 2278 1269 2345 dti-

201 2403 329 2457 cuntur
350 2391 579 2476 omniumque
601 2392 654 2456 his
677 2397 796 2456 rerum
815 2397 937 2474 postea
959 2389 1044 2455 fides
1067 2389 1266 2474 derogatur.

203 2501 392 2586 Hospitem
416 2501 544 2567 violare
567 2500 618 2566 ias
641 2507 712 2566 nim
736 2509 875 2585 putant;
898 2505 958 2583 qui
982 2505 1202 2584 quacumque
1225 2498 1269 2563 de

202 2619 304 2678 causa
322 2612 364 2677 ad
384 2616 444 2677 eas
463 2617 632 2677 venerunt
651 2610 694 2674 ab
713 2608 836 2674 initiria
855 2608 1041 2692 prohibent
1061 2613 1269 2691 sanctasque
1288 2631 1321 2668 20

201 2721 341 2799 habent,
362 2721 484 2804 hisque
505 2719 663 2785 omnium
683 2719 809 2784 domus
831 2729 949 2802 patent
972 2723 1153 2803 victusque
1174 2738 1269 2783 com-

203 2830 409 2896 inimicatur.

454 2951 621 3022 Mrgration
634 2951 670 3021 os
686 2950 776 3004 Gauls
787 2951 849 3003 t‘rrto
863 2949 1014 3020 Germany.

271 3044 324 3127 Ᾱς
345 3061 408 3127 tuit
431 3068 532 3127 antea
553 3073 691 3145 tempus
712 3081 792 3125 cum
815 3058 1009 3125 Germanas
1032 3057 1120 3124 Galli
1141 3057 1269 3123 virtute
1286 3075 1328 3142 24

201 3177 414 3256 superarent,
430 3171 521 3235 ultra
535 3170 623 3236 bella
637 3168 813 3245 inferrent,
828 3179 970 3252 propter
984 3167 1167 3233 hominum
1183 3167 1269 3231 mul-

202 3280 386 3345 titudinem
401 3286 545 3365 agrique
560 3278 714 3364 inopiam
730 3285 825 3344 trans
842 3277 1005 3342 Rhenum
1022 3276 1176 3342 colonias
1192 3275 1269 3341 mit·
1288 3304 1318 3353 25

202 3401 324 3456 terent.
387 3391 509 3474 Itaque
537 3409 576 3455 ea
603 3410 692 3473 quae
720 3386 927 3454 fertilissima
956 3386 1162 3452 Germaniae
1191 3397 1271 3450 sunt

204 3500 289 3577 loca,
313 3500 443 3566 circum
468 3498 681 3583 Hercyniam
705 3498 836 3575 silvam,
860 3517 965 3580 quam
990 3496 1214 3562 Eratostheni
1236 3505 1269 3562 et

203 3609 410 3694 quibusdam
436 3609 576 3675 Graecis
600 3608 691 3674 [ama
714 3614 833 3672 natam
858 3627 932 3671 esse
956 3605 1069 3683 videa,
1095 3626 1199 3690 quam
1224 3605 1271 3670 illi

203 3717 394 3802 Orcyniam
417 3718 601 3801 appellant,
623 3717 754 3781 Volcae
776 3715 990 3799 Tectosages
1012 3722 1271 3799 occupaverunt

203 3840 308 3912 atque
331 3827 376 3892 ibi
401 3827 651 3903 cansederunt3
674 3846 763 3909 quae
787 3831 873 3909 gens
896 3824 938 3889 ad
962 3824 1029 3890 hac
1053 3836 1194 3910 tempus
1216 3826 1269 3890 his
1290 3852 1323 3901 30

203 3934 342 3999 sedibus
355 3940 430 3999 sese
443 3932 598 3998 continet
613 3951 855 4015 summamque
869 3930 973 3996 habet
989 3930 1138 3998 iustitiae
1153 3942 1187 3998 et
1201 3932 1271 3998 bel-
