3014 4452
214 371 277 418 220
602 354 715 407 BELLI
742 354 900 408 GALLICI

217 533 438 599 Concurrunt
455 533 507 598 his
523 533 659 599 auxiliis
675 540 756 599 visis
763 555 771 613 ;
787 533 826 599 fit
843 533 1031 618 gratulatio
1049 533 1214 600 intereas
1231 545 1279 600 at-

214 664 281 726 que
309 643 466 708 omnium
494 643 600 708 animi
627 643 670 709 ad
698 642 862 708 laetitiam
891 643 1095 709 excitantur.
1158 643 1280 728 Itaque

214 752 392 836 preductis
407 751 517 836 copiis
531 763 611 817 ante
627 751 795 835 oppidum
810 750 1016 831 consistunt,
1033 763 1067 818 et
1083 753 1280 836 proximam

215 861 343 927 fossam
366 861 518 927 cratibus
540 861 700 945 integunt
722 872 827 946 atque
849 882 978 946 aggere
999 862 1152 946 explent,
1175 867 1280 947 seque

181 994 194 1044 5
215 972 257 1037 ad
279 970 499 1054 eruptionem
520 982 624 1055 atque
645 977 767 1037 omnes
788 976 888 1036 cassis
909 982 1121 1054 comparant.

330 1180 358 1232 Α
377 1178 460 1231 hard
474 1177 560 1231 battle
577 1181 610 1230 in
628 1177 676 1230 the
692 1178 792 1249 valley.
831 1179 940 1249 Dasea!
956 1179 992 1249 os
1002 1177 1051 1232 the
1069 1179 1166 1234 Gauls.

156 1316 198 1380 80
285 1314 411 1381 Caesar
426 1319 523 1380 omni
538 1313 693 1379 exercitii
708 1312 752 1378 ad
769 1323 951 1397 utramque
967 1323 1100 1398 partem
1117 1313 1281 1378 munitie-

216 1446 301 1490 num
319 1425 500 1509 dispositi),
519 1435 568 1502 ut,
587 1429 615 1489 si
633 1428 715 1488 risus
734 1422 859 1514 veniat,
879 1443 980 1487 suum
999 1421 1145 1506 quisque
1164 1423 1281 1489 locum

215 1545 329 1600 teneat
343 1545 376 1599 et
390 1533 536 1610 neverit,
550 1531 744 1616 equitatum
757 1553 802 1597 ex
815 1538 934 1597 castris
948 1531 1048 1596 edaci
1062 1542 1096 1595 et
1110 1531 1281 1615 proelium

216 1643 389 1709 committi
411 1643 516 1709 iubet.
567 1643 651 1707 Erat
673 1665 718 1707 ex
740 1642 902 1707 omnibus
925 1648 1055 1720 castris
1078 1663 1166 1725 quae
1189 1663 1281 1706 sum-

166 1776 197 1813 ιο
215 1774 311 1818 mum
327 1752 480 1836 undique
496 1753 618 1838 iugum
633 1752 809 1829 tenebant,
825 1751 1023 1834 despectus;
1040 1761 1143 1834 atque
1160 1757 1281 1817 omnes

214 1861 339 1929 milites
355 1863 483 1927 intenti
500 1867 638 1948 pugnae
655 1867 866 1945 preventum
885 1862 1147 1946 exspectabant.
1191 1859 1280 1927 Galli

215 1973 303 2038 inter
320 1971 453 2055 equites
470 1978 566 2037 raros
584 1970 781 2056 sagittarios
799 1969 1051 2054 expeditasque
1070 1969 1154 2036 levis
1171 1977 1281 2036 arma-

215 2087 311 2147 trirae
331 2081 582 2158 interiecerant‚
602 2087 661 2165 qui
679 2087 750 2146 suis
770 2079 972 2146 cedentibus
992 2079 1122 2146 auxilio
1143 2102 1281 2146 succur-

214 2205 328 2259 rerent
345 2204 380 2260 et
396 2200 596 2260 nostrerum
613 2195 771 2277 equitum
788 2194 939 2277 impetus
956 2193 1174 2259 sustinerent.
1224 2193 1280 2258 Ab

166 2331 194 2381 ις
216 2306 268 2372 his
290 2307 487 2390 complures
509 2305 552 2371 de
574 2305 764 2388 imprevisa
787 2303 957 2370 vulnerati
979 2303 1112 2388 proelia
1136 2303 1280 2369 excede-

215 2418 308 2484 bant.

285 2527 374 2596 Cum
396 2535 478 2595 sues
499 2534 618 2614 pagna
640 2527 835 2614 superiores
857 2549 931 2594 esse
954 2526 1043 2594 Galli
1065 2525 1280 2593 confiderent

215 2648 248 2703 et
265 2646 403 2706 nostras
419 2640 640 2706 multitfidine
655 2647 765 2725 premi
781 2641 948 2714 viderent,
966 2661 1010 2706 ex
1027 2638 1189 2706 omnibus
1205 2659 1281 2723 par-

214 2746 308 2814 tibus
324 2760 358 2815 et
376 2756 407 2815 ei
422 2754 483 2835 qui
498 2749 751 2815 mimitienibus
768 2749 1041 2816 continebantur
1059 2760 1093 2816 et
1113 2755 1143 2814 ei
1160 2755 1219 2834 qui
1235 2747 1279 2814 ad

165 2883 197 2921 20
215 2858 383 2924 auxilium
405 2866 639 2925 convenerant
661 2859 812 2924 clamare
834 2869 868 2924 et
890 2859 1022 2924 ululatii
1044 2865 1188 2924 suerum
1210 2857 1280 2923 ani-

216 2974 293 3034 mes
317 2968 580 3034 cenfirmabant.
632 2967 738 3052 Quod
765 2967 799 3032 in
826 2973 1016 3053 censpectii
1043 2968 1199 3034 omnium
1226 2973 1280 3033 res

213 3078 409 3162 gerebatur,
428 3098 540 3161 neque
558 3083 651 3142 recte
669 3087 730 3142 aut
748 3076 894 3161 turpiter
912 3077 1043 3143 lactum
1062 3079 1164 3144 celari
1183 3088 1281 3161 pote·

215 3199 281 3267 rat;
298 3194 463 3272 utresque
478 3199 512 3252 et
528 3187 637 3253 laudis
653 3186 824 3272 cupiditas
839 3198 873 3253 et
889 3188 995 3253 timor
1007 3187 1221 3272 igneminiae
1237 3186 1280 3252 ad

215 3297 379 3363 virtatem
397 3297 581 3363 excitabat.
632 3297 721 3363 Cum
738 3304 758 3363 a
775 3297 919 3364 meridie
936 3318 1044 3381 prope
1063 3295 1105 3362 ad
1123 3296 1205 3362 selis
1222 3317 1280 3362 oc-

165 3433 194 3483 2⁵
215 3412 333 3472 casum
348 3405 452 3472 dubia
467 3405 611 3472 victeria
626 3413 851 3492 pegnaretur.
869 3406 1033 3472 Germani
1049 3405 1167 3471 [main
1184 3417 1280 3491 parte

214 3517 378 3584 canlertis
390 3522 513 3582 turmis
526 3516 560 3584 in
573 3517 692 3582 hostes
705 3517 875 3602 impetum
888 3516 1043 3581 lecerunt
1058 3521 1187 3600 easque
1201 3520 1280 3599 pre-

214 3627 392 3712 pulerunt;
413 3626 539 3711 quibus
559 3625 594 3690 in
615 3625 735 3710 lugam
756 3624 922 3691 coniectis
945 3624 1113 3709 sagittarii
1135 3624 1280 3690 circum-

212 3743 307 3802 venti
321 3734 560 3820 interfectique
574 3744 664 3799 sunt.
716 3733 805 3799 Item
819 3755 863 3800 ex
878 3733 1016 3817 reliquis
1032 3732 1186 3817 partibus
1201 3753 1280 3797 nos-

214 3853 258 3912 tri
275 3846 440 3912 cedentes
456 3850 565 3929 risque
581 3843 624 3909 ad
642 3853 755 3909 castra
771 3849 920 3908 insecuti
937 3849 989 3907 sui
1007 3842 1193 3925 colligendi
1211 3840 1279 3907 lac-

165 3981 197 4032 ³0
213 3955 361 4021 ultatem
381 3960 452 4019 nan
473 3952 654 4019 dederunt.
700 3951 748 4016 At
772 3957 802 4016 ei
822 3957 882 4034 qui
902 3950 1018 4016 Alesia
1038 3957 1277 4035 precesserant
1296 4025 1301 4038 1
