3000 4456
247 368 283 432 18
631 366 744 421 BELLI
771 363 930 420 GALLICI

243 547 400 614 hostium
423 546 631 612 claudabant
656 556 691 612 et
717 539 912 612 novissimis
935 544 1107 630 praesidio
1131 553 1241 626 erant,
1266 565 1311 612 ex

242 656 365 722 itinere
383 662 524 722 nostros
542 655 585 719 ab
604 655 711 719 latere
729 659 852 738 aperto
870 654 1026 739 adgressi
1044 653 1293 720 circumvenire
1300 675 1328 733 ;.

244 779 279 831 et
300 765 334 831 id
355 763 549 848 conspicati
572 763 737 842 Helvetii,
760 769 819 847 qui
840 762 875 827 in
897 773 1055 829 montem
1077 768 1152 829 soso
1173 769 1308 847 recope-

245 884 334 952 rant‚
362 879 479 939 nirsus
505 879 636 939 instare
663 883 698 938 et
726 870 896 957 proelium
922 871 1161 958 redintegrare
1188 878 1311 958 coepo-

211 994 332 1054 srunt.
395 982 546 1048 Romani
577 1001 744 1048 conversa
775 987 874 1067 signa
904 980 1070 1066 bipertito
1101 981 1311 1049 intulorunt:

244 1099 354 1177 prima
368 1101 404 1157 et
421 1091 573 1172 secunda
587 1088 687 1169 acias,
703 1101 743 1156 ut
760 1089 861 1157 victis
877 1097 917 1157 ac
933 1092 1105 1157 submotis
1121 1091 1311 1169 resisteret;

246 1200 357 1281 tertia,
374 1211 413 1266 ut
431 1198 611 1266 venientas
627 1198 824 1264 sustinoret.

379 1404 455 1458 Rout
466 1403 502 1475 eff
510 1401 559 1457 the
570 1403 748 1457 Helvetium.
787 1403 906 1457 Retreat
916 1403 952 1475 os
960 1402 1008 1457 the
1018 1405 1176 1457 surorisors.

316 1547 372 1612 Ita
387 1545 530 1631 ancipiti
546 1546 680 1631 proelio
695 1547 754 1613 diu
771 1558 878 1632 atque
893 1547 1019 1614 acriter
1035 1553 1233 1632 pognatum
1249 1553 1310 1611 est.

248 1656 390 1722 Diiitius
404 1677 485 1722 cum
501 1656 669 1722 sustinore
685 1664 888 1723 nostrorum
903 1657 1056 1742 impetos
1071 1663 1142 1721 non
1158 1665 1311 1741 possent,

197 1793 227 1829 ιο
245 1767 344 1832 alteri
360 1772 405 1845 so,
422 1777 461 1832 ut
478 1774 678 1851 coeperant,
695 1766 730 1831 in
746 1778 904 1833 montem
920 1772 1137 1851 recaporunt,
1154 1765 1254 1830 alteri
1268 1763 1312 1829 ad

243 1874 495 1961 impedimenta
510 1887 545 1941 et
562 1881 679 1941 carros
696 1881 778 1941 suos
794 1881 830 1941 so
847 1875 1083 1941 contulorunt.
1135 1873 1226 1938 Nam
1244 1872 1311 1937 hoc

245 1990 327 2069 toto
347 1984 490 2068 proelio,
513 2007 593 2050 cum
614 1984 657 2050 ab
679 1984 765 2050 hora
786 1984 934 2069 septima
954 1985 998 2050 ad
1020 2002 1202 2067 vesperum
1223 1986 1312 2066 pug-

245 2101 368 2161 natum
390 2093 445 2173 sit,
468 2101 628 2160 aversum
650 2094 790 2160 hostem
812 2092 928 2160 videre
951 2098 1054 2158 namo
1077 2089 1205 2175 potuit.
1255 2087 1312 2152 Ad

245 2205 389 2270 multam
410 2213 552 2270 noctem
572 2203 678 2269 etiam
698 2203 742 2269 ad
760 2201 1009 2285 impedimenta
1028 2205 1227 2284 pugnatum
1247 2205 1311 2274 est,

197 2331 225 2380 15
246 2320 432 2400 propterea
454 2315 550 2399 quod
573 2319 636 2398 pro
660 2312 751 2378 vallo
773 2317 889 2377 carros
911 2309 1109 2374 obiecerant
1134 2318 1168 2373 et
1191 2313 1210 2373 o
1233 2306 1312 2372 loco

247 2425 423 2510 superiore
446 2423 481 2488 in
505 2429 644 2488 nostros
667 2420 844 2486 venientas
866 2418 933 2484 tola
954 2416 1158 2492 coiciebant,
1182 2426 1216 2482 et
1241 2421 1311 2480 non

246 2537 330 2601 milli
351 2536 440 2601 inter
461 2540 578 2601 carros
601 2533 790 2615 raedasque
812 2534 960 2594 mataras
981 2533 1022 2593 ac
1044 2527 1198 2611 tragulas
1221 2524 1312 2590 subi-

246 2646 381 2712 ciebant
403 2651 612 2726 nostrosque
633 2640 869 2707 vulnerabant.
920 2637 990 2702 Diu
1013 2658 1091 2702 cum
1113 2645 1203 2701 esset
1225 2639 1312 2717 prig-

245 2761 377 2832 natum,
394 2755 651 2839 impedimentis
668 2754 856 2832 castrisque
873 2751 982 2810 nostri
999 2749 1100 2828 potiti
1118 2753 1208 2808 sunt.
1259 2741 1311 2806 Ibi

196 2884 228 2921 20
248 2863 472 2948 Orgetorigis
492 2861 561 2926 lilia
580 2873 684 2943 atque
705 2864 795 2922 imus
815 2863 834 2922 e
855 2855 932 2920 liliis
952 2864 1073 2938 captus
1093 2862 1154 2918 est.

317 2975 373 3038 Ex
400 2979 443 3037 eo
470 2970 604 3055 proelio
632 2967 768 3034 circiter
795 2965 978 3030 hominum
1005 2961 1098 3027 milia
1127 2980 1229 3026 cxxx
1259 2981 1313 3024 su-

247 3082 459 3167 perluorunt,
482 3087 591 3164 eaque
612 3083 689 3144 tota
709 3087 816 3142 nocte
836 3074 1059 3141 continenter
1079 3071 1193 3137 ierunt
1223 3069 1314 3154 [nirl-

246 3192 314 3256 lam
333 3201 468 3275 partem
487 3189 603 3254 noctis
622 3187 745 3254 itinere
764 3183 1001 3266 intermisso];
1020 3181 1055 3246 in
1075 3181 1162 3246 linos
1183 3178 1315 3265 Lingo-

246 3320 330 3364 num
353 3299 408 3363 dia
430 3302 555 3382 quarto
577 3303 822 3382 pervonerunt,
846 3314 926 3359 cum
949 3302 983 3357 et
1008 3301 1151 3375 propter
1173 3289 1315 3356 vulnera

196 3433 226 3481 ας
248 3408 399 3473 militum
420 3416 455 3472 et
478 3418 623 3491 propter
644 3406 856 3490 sepulturam
880 3406 1076 3467 occisorum
1098 3404 1211 3464 nostri
1238 3398 1316 3481 [tri-

248 3517 357 3582 duum
383 3515 526 3598 morati]
558 3521 619 3580 eos
644 3519 741 3597 sequi
768 3518 838 3577 non
865 3508 1070 3595 potuissent.
1120 3506 1247 3572 Caesar
1272 3505 1313 3570 acl

249 3625 429 3712 Lingonas
455 3627 590 3692 litteras
615 3622 828 3707 nuntiosque
853 3620 959 3699 mIsit,
985 3625 1029 3684 no
1053 3624 1113 3684 eos
1138 3615 1314 3681 frumento

248 3743 335 3803 nove
355 3737 420 3803 alia
441 3742 477 3801 ra
498 3735 672 3810 iuvarent;
693 3739 752 3819 qui
773 3732 799 3798 si
821 3731 1001 3807 iovissent,
1024 3735 1059 3794 so
1080 3727 1204 3793 eodem
1226 3725 1314 3798 loco,

247 3852 318 3931 quo
335 3844 518 3911 Helvetios
533 3843 742 3908 habitorum.
794 3841 872 3925 Ipse
889 3840 1006 3904 triduo
1023 3835 1220 3902 intermisso
1236 3850 1315 3897 cum

197 3987 229 4035 30
249 3954 411 4022 omnibus
429 3953 539 4038 copiis
557 3959 617 4019 eos
636 3958 734 4037 sequi
753 3950 880 4035 coepit.
