3044 4442
509 328 625 380 Lissa
653 328 700 380 ιν.
728 328 811 381 cns.
837 327 948 395 36-38.
1208 347 1264 408 103

198 505 372 590 equitatus
395 517 514 573 noster
537 507 572 571 in
597 513 824 592 cdnspectum
850 507 954 584 venit,
979 507 1097 572 hostes
1121 506 1262 572 abiectis

197 621 300 681 armis
320 625 419 701 terga
439 621 618 683 verterunt
638 623 858 702 magnusque
879 623 1002 683 edrum
1023 637 1188 682 numerus
1210 626 1262 681 est

195 745 340 791 occisus.

306 912 334 966 T
330 911 382 983 hey
392 929 445 967 are
455 914 577 985 severely
582 913 737 985 punrshed.
783 915 811 968 T
806 913 1007 986 hankgr'ving
1018 919 1051 968 at
1063 914 1157 968 Rome.

266 1038 392 1107 Caesar
412 1047 555 1125 posteri)
576 1041 632 1107 die
652 1041 691 1108 T.
716 1041 910 1107 Labienum
932 1043 1089 1127 legatum
1110 1063 1191 1107 curn
1212 1048 1261 1106 eis
1279 1046 1322 1124 38

197 1148 393 1234 legir'snibus
420 1156 505 1234 quas
533 1173 577 1217 ex
607 1151 785 1218 Britannia
811 1152 997 1218 redsixerat
1025 1152 1060 1216 in
1089 1151 1295 1230 Morinds,5

195 1263 254 1343 qui
273 1257 496 1324 rebellidnem
514 1259 675 1339 fecerant,
696 1261 798 1327 misit.
844 1261 1016 1346 Quicum
1036 1270 1179 1344 propter
1198 1259 1261 1326 sic-

195 1367 317 1433 citates
339 1368 504 1453 palidum
527 1376 597 1454 qud
620 1377 656 1436 se
679 1371 871 1456 reciperent
895 1377 966 1436 nr'm
989 1370 1166 1446 haberent,
1190 1374 1261 1454 qud

195 1475 357 1562 perfugid
379 1479 556 1563 superidre
578 1487 671 1547 annr')
693 1493 791 1547 erant
814 1487 877 1558 issi,
900 1486 1023 1547 omnes
1046 1479 1117 1545 iere
1140 1478 1175 1544 in
1199 1500 1261 1563 po-

193 1593 356 1653 testatem
373 1587 517 1653 Labieni
531 1595 711 1657 venerunt.
750 1590 799 1655 At
816 1590 860 1674 Q.
877 1589 1033 1655 Titinius
1048 1598 1082 1655 et
1100 1589 1139 1654 L.
1157 1588 1261 1655 Cotta

194 1695 310 1780 legati,
326 1695 436 1780 quiin
451 1696 696 1782 Menapidrum
711 1699 798 1765 fines
814 1699 970 1784 legidnes
987 1698 1170 1774 dixerant,
1187 1719 1261 1764 om-
1283 1723 1315 1760 ιο

194 1803 295 1870 nibus
312 1810 434 1870 edrum
450 1813 543 1891 agris
560 1814 711 1886 vastatis,
729 1808 911 1876 irfimentis
928 1815 1079 1886 succisis
1097 1808 1261 1874 aedificiis

193 1913 353 1991 incensis,
372 1913 468 1998 quod
490 1915 645 2001 Menapii
664 1924 700 1983 se
720 1924 843 1983 omnes
863 1919 897 1983 in
918 1917 1139 1984 densissimas
1160 1917 1262 1984 silvas

192 2021 407 2102 abdiderant,
439 2029 476 2090 se
505 2026 548 2091 ad
581 2025 764 2093 Caesarem
797 2033 1011 2112 receperunt.
1069 2026 1194 2093 Caesar
1226 2025 1262 2092 in

194 2133 312 2220 Belgis
329 2137 488 2204 omnium
506 2139 685 2226 legidnum
703 2142 847 2208 hiberna
865 2139 1056 2207 cdnstituit.
1100 2139 1155 2204 Εὸ
1173 2137 1262 2204 duae

194 2251 340 2311 omnini)
364 2247 521 2314 civitates
544 2272 588 2317 ex
615 2250 793 2316 Britannia
817 2250 956 2316 obsides
981 2255 1160 2325 miserunt,
1186 2247 1261 2313 reli·
1283 2272 1311 2322 ¹5

193 2373 281 2436 quae
297 2355 538 2440 neglexerunt.
581 2359 648 2425 His
663 2360 767 2426 rebus
782 2366 891 2445 gestIs
907 2381 951 2425 ex
968 2358 1090 2424 litteris
1107 2355 1262 2423 Caesaris

192 2461 328 2528 dierum
347 2467 624 2553 xxsupplicatid
642 2475 662 2536 a
680 2475 802 2536 senati]
820 2468 959 2534 decreta
976 2477 1038 2533 est.
