3000 4456
630 319 743 374 BELLI
769 319 927 372 GALLICI

583 519 964 591 Drfficultt'esp‘thebartle.

180 645 223 698 22
312 612 492 695 instrocto
515 629 681 708 exercito,
706 628 817 714 magis
839 638 879 695 ut
902 629 970 694 loci
992 635 1117 695 notora
1139 629 1308 696 deiectus-

242 762 309 824 que
328 739 425 806 collis
444 750 479 805 et
500 738 688 805 necessitos
707 737 875 822 temporis
895 759 1000 823 quam
1020 749 1060 803 ut
1082 744 1130 803 rei
1150 737 1308 804 militoris

241 849 331 915 ratio
360 861 465 933 atque
495 848 583 914 ordo
613 847 827 933 postulebat,
857 868 938 913 cum
967 847 1122 913 diversae
1152 845 1308 933 legiones

241 959 326 1024 aliae
356 958 421 1024 alio
450 957 485 1022 in
517 967 615 1041 parte
644 956 805 1023 hostibus
835 956 1047 1035 resisterent,
1079 955 1307 1041 saepibusque

208 1087 220 1135 5
244 1067 464 1146 densissimis,
491 1079 529 1133 ut
553 1077 634 1134 ante
659 1066 986 1145 demonstrevimus,
1013 1066 1200 1132 interiectis
1228 1072 1307 1150 pro·

242 1188 380 1262 spectus
412 1176 648 1262 impediretur,
680 1198 793 1261 neque
825 1185 919 1242 certa
948 1175 1101 1242 subsidia
1132 1176 1307 1242 conlocori

241 1307 362 1371 neque,
378 1286 461 1370 quid
476 1285 511 1351 in
527 1292 664 1371 quoque
678 1296 778 1370 parte
793 1306 883 1369 opus
898 1296 987 1351 esset
1005 1286 1179 1369 provideri
1195 1308 1308 1371 neque

241 1395 284 1460 ab
306 1401 377 1461 ono
399 1395 517 1462 omnia
538 1395 681 1481 imperia
702 1393 936 1461 administrori
957 1406 1133 1480 poterant.
1183 1395 1307 1479 Itaque

241 1504 276 1569 in
305 1512 404 1572 tanto
434 1513 549 1572 rerum
579 1504 765 1590 iniquitote
796 1503 959 1571 fortunae
990 1525 1129 1590 quoque
1160 1509 1308 1570 eventos

192 1635 223 1672 ro
241 1614 324 1679 varii
343 1615 588 1700 sequebantur.

294 1751 362 1806 Two
373 1753 481 1823 legions
492 1752 577 1806 drabe
589 1751 637 1806 thc
647 1753 798 1808 Atrebates
810 1755 872 1807 into
883 1752 932 1807 the
942 1755 1039 1815 river:
1057 1756 1114 1805 two
1125 1757 1192 1804 rout
1203 1750 1252 1804 the

409 1829 622 1892 Vr‘romandm',·
640 1828 689 1883 the
700 1829 894 1900 Nerviigain
909 1828 1039 1883 Caesar’s
1049 1831 1142 1898 camp.

181 1958 223 2024 23
311 1937 478 2023 Legionis
495 1958 584 2004 v1111
601 1950 636 2004 et
656 1959 680 2004 x
698 1939 837 2018 milites,
854 1950 893 2005 ut
910 1939 945 2004 in
962 1938 1101 2005 sinistro
1118 1949 1217 2022 parte
1234 1937 1307 2003 acie
1346 1963 1347 1970 ¹

242 2047 483 2127 constiterant,
510 2048 587 2132 pilis
610 2048 743 2116 emissis
768 2054 870 2116 curso
895 2054 935 2114 oc
960 2047 1164 2114 lassitudine
1189 2048 1306 2113 exani-

242 2163 357 2224 motos
384 2156 652 2243 vulneribusque
678 2157 859 2225 conlectos
884 2157 1227 2223 Atrebotes-nam
1254 2156 1306 2221 his

240 2289 280 2332 ea
312 2288 390 2351 pars
421 2267 842 2334 obvenerat-celeriter
873 2288 917 2332 ex
949 2267 1028 2333 loco
1062 2265 1239 2351 superiore
1271 2265 1306 2331 in

191 2375 371 2452 15flumen
409 2376 664 2460 compulerunt,
702 2384 735 2441 et
773 2381 918 2441 trinsire
955 2382 1122 2442 cenantes
1159 2380 1308 2442 insecirti

241 2485 365 2570 gladiis
391 2491 555 2571 megnam
583 2496 718 2570 partem
745 2491 867 2551 eorum
894 2485 1098 2570 impeditam
1126 2485 1306 2553 interiece-

240 2602 331 2658 runt.
386 2594 457 2678 Ipsi
486 2600 631 2662 trinsire
659 2595 789 2661 flomen
817 2601 889 2661 non
917 2595 1178 2674 dubitoverunt,
1209 2607 1244 2662 et
1271 2595 1306 2660 in

242 2704 357 2768 locum
378 2704 537 2788 iniquum
559 2710 735 2789 progressi
756 2710 874 2770 rorsus
895 2703 1093 2770 resistentes
1116 2706 1234 2770 hostes
1255 2725 1306 2770 re-

240 2811 439 2896 dintegroto
456 2811 588 2896 proelio
606 2812 640 2877 in
658 2811 777 2897 lugam
796 2814 1029 2879 coniecerunt.
1080 2813 1171 2879 Item
1189 2813 1254 2879 alio
1271 2813 1306 2877 in
1402 2841 1408 2848 ·

190 2952 221 2988 20
243 2931 340 3004 parte
367 2918 521 2985 diversae
549 2920 638 2986 duae
666 2921 832 3006 legiones
863 2942 903 2987 XI
933 2933 966 2988 et
995 2942 1080 3001 V111,
1111 2923 1305 3008 profligetis

239 3027 497 3106 Viromanduis,
516 3027 724 3112 quibuscum
741 3039 839 3096 erant
857 3052 1075 3116 congressae,
1094 3052 1138 3096 ex
1155 3031 1234 3098 loco
1251 3053 1306 3097 su-

240 3135 373 3222 periore
394 3135 428 3201 in
449 3135 531 3220 ipsis
553 3137 704 3205 Hominis
727 3145 809 3224 ripis
831 3140 1099 3224 proeliobantur.
1146 3139 1196 3205 At
1219 3146 1306 3206 totis

239 3246 309 3313 lere
326 3253 446 3313 castris
463 3253 483 3312 o
500 3246 616 3312 fronte
633 3257 669 3313 et
686 3255 707 3314 o
724 3248 864 3315 sinistro
882 3260 981 3333 parte
1000 3249 1151 3328 nodotiS,
1172 3271 1252 3316 cum
1270 3248 1306 3314 in

240 3357 367 3423 dextro
385 3363 494 3423 corno
514 3354 607 3441 legio
626 3375 683 3421 ΧΠ
703 3369 738 3422 et
757 3364 829 3424 non
849 3363 979 3443 mogno
999 3359 1042 3425 ab
1063 3365 1103 3424 eo
1121 3357 1306 3424 intervollo

181 3503 210 3552 25
239 3487 295 3533 vr1
323 3465 550 3545 constitisset,
581 3472 702 3532 omnes
732 3465 851 3533 Nervii
880 3467 1137 3533 confertissimo
1166 3467 1307 3552 agmine

239 3577 327 3642 duce
358 3575 607 3661 Boduognoto,
637 3578 696 3658 qui
726 3593 897 3639 summam
928 3574 1050 3657 imperi
1080 3575 1231 3651 tenebat,
1263 3572 1306 3638 ad

240 3706 319 3750 eum
341 3685 458 3750 locum
479 3684 756 3761 contenderunt;
777 3688 927 3765 quorum
949 3704 1028 3768 pars
1050 3683 1092 3749 ab
1115 3690 1237 3769 aperto
1259 3684 1306 3748 la-

241 3804 314 3859 tere
339 3793 495 3878 legiones
520 3794 778 3871 circumvenire,
805 3812 884 3876 pars
908 3814 1084 3858 summum
1108 3799 1306 3859 castrorum

240 3902 356 3968 locum
371 3913 489 3987 petere
504 3903 632 3988 coepit.
