3048 4444
555 345 673 401 nasa
698 346 747 403 vr.
774 345 856 403 cnr.
883 357 959 416 3-5.
1105 295 1119 316 ’
1232 359 1289 424 ¹43

224 527 451 606 Cenantibus,
465 527 667 612 priusquam
681 527 715 592 id
729 526 818 593 effici
832 536 960 612 posset,
975 525 1094 591 adesse
1109 524 1291 590 Romanas

224 636 412 703 nuntiatur.
464 635 669 703 Necessarie
693 635 864 701 sententia
889 631 1060 700 desistunt
1086 635 1290 718 legatosque

222 744 430 830 deprecandi
442 750 544 810 causa
557 744 599 810 ad
614 743 796 810 Caesarem
809 743 968 821 mittunt;
981 743 1110 808 adeunt
1123 763 1184 828 per
1197 742 1291 808 Hae-

223 855 322 932 duos,
340 859 491 938 querum
508 851 699 937 antiquitus
716 862 788 918 erat
806 851 840 916 in
859 850 927 917 fide
945 851 1075 917 civitas.
1126 851 1293 918 Libenter

225 964 350 1030 Caesar
370 961 569 1047 petentibus
591 960 749 1027 Haeduis
772 960 831 1026 dat
854 960 990 1026 veniam
1013 961 1323 1034 excusatienem-s

225 1094 291 1158 que
310 1071 446 1156 accipit,
467 1070 562 1154 quod
582 1076 752 1136 aestivum
772 1080 911 1154 tempus
928 1071 1089 1136 instantis
1109 1072 1199 1149 belli,
1220 1078 1292 1137 nen

225 1179 439 1266 quaestionis
460 1201 534 1246 esse
555 1178 797 1244 arbitrabatur.
845 1178 1037 1246 Obsidibus
1059 1179 1237 1265 imperatis
1259 1199 1289 1258 e,

228 1291 292 1355 hos
321 1288 478 1355 Haeduis
508 1287 756 1354 custadiendes
786 1288 901 1354 tradit.
952 1289 1089 1355 Eodem
1120 1289 1290 1355 Carnutes

224 1400 361 1485 legates
379 1397 587 1482 obsidesque
605 1397 765 1476 mittunt,
784 1404 837 1464 usi
856 1388 1141 1484 deprecatoribus
1161 1399 1289 1493 Remis,

228 1515 377 1594 quorum
392 1517 490 1574 erant
504 1507 540 1572 in
554 1506 715 1574 clientela
730 1501 852 1574 eadem
867 1509 981 1575 lerunt
997 1515 1172 1594 respensa.
1213 1509 1294 1574 Per·
1312 1536 1344 1573 ιο

228 1617 301 1704 agit
321 1616 507 1684 concilium
526 1616 653 1684 Caesar
671 1616 876 1703 equitesque
893 1618 1039 1703 imperat
1058 1617 1268 1684 civitatibus.

352 1829 459 1882 Caesar
469 1845 540 1900 goes
550 1828 624 1883 wath
635 1829 698 1899 five
709 1828 817 1900 legions
828 1830 949 1900 agaim
959 1826 1008 1882 the
1019 1829 1162 1898 Menapii.

296 1965 375 2032 Hac
396 1975 493 2050 parte
515 1966 644 2033 Galliae
666 1973 789 2052 pacata
809 1973 905 2032 tetus
926 1976 959 2032 et
981 1976 1098 2032 mente
1120 1978 1154 2032 et
1175 1965 1331 2046 animes

225 2075 259 2139 in
278 2074 408 2140 bellum
427 2074 661 2142 Treverorum
680 2086 715 2142 et
735 2075 951 2160 Ambiorigis
970 2075 1106 2140 insistit.
1156 2075 1293 2142 Cavari-

226 2205 310 2248 num
328 2205 408 2248 cum
426 2183 582 2268 equitatu
602 2184 783 2251 Senonum
800 2191 918 2250 secum
936 2182 1108 2268 proficisci
1125 2183 1232 2262 iubet,
1250 2189 1294 2249 ne

227 2292 304 2377 quis
325 2303 384 2358 aut
406 2316 451 2359 ex
472 2293 574 2358 hirius
594 2293 773 2359 Iracundia
794 2303 853 2358 aut
874 2315 918 2358 ex
940 2299 983 2358 ee
1005 2292 1099 2376 quod
1123 2303 1293 2358 meruerat
1314 2316 1343 2365 ις

227 2402 309 2467 odie
337 2401 486 2466 civitatis
512 2406 630 2466 metus
657 2400 810 2466 exsistat.
861 2400 928 2465 His
955 2401 1058 2466 rebus
1084 2401 1293 2478 censtitirtiS,

228 2510 322 2597 quod
344 2517 407 2596 pre
428 2511 614 2595 expleratti
635 2509 785 2575 habebat
806 2509 1049 2595 Ambiorigem
1069 2509 1202 2596 proelia
1223 2517 1293 2576 non

227 2642 300 2687 esse
321 2625 582 2694 contentarum,
603 2617 734 2700 reliqua
754 2617 828 2682 eius
848 2617 990 2682 consilia
1009 2617 1128 2683 animo
1149 2617 1294 2685 circum-

228 2730 403 2814 spiciebat.
454 2729 563 2794 Erant
591 2725 746 2810 Menapii
772 2725 959 2810 propinqui
986 2727 1193 2795 Eburonum
1219 2728 1294 2794 lini-

228 2841 302 2918 bus,
327 2845 503 2924 perpetuis
527 2836 710 2922 paludibus
734 2835 896 2920 silvisque
920 2842 1056 2916 muniti,
1081 2845 1225 2921 quirini
1250 2861 1293 2904 ex
1313 2865 1345 2901 20

228 2949 338 3017 Gallia
349 2950 394 3016 tle
408 2955 492 3032 pace
505 2947 548 3012 ad
565 2946 747 3012 Caesarem
763 2946 898 3030 legates
913 2967 1104 3031 numquam
1119 2955 1292 3014 miserant.

231 3059 321 3126 Cum
346 3060 398 3125 his
421 3079 495 3124 esse
518 3055 708 3141 hospitium
732 3055 931 3141 Ambiorigi
956 3055 1102 3135 sciebat;
1125 3057 1211 3124 item
1235 3080 1295 3143 per

229 3168 399 3235 Treveros
424 3165 558 3232 venisse
585 3164 768 3231 Germanis
792 3163 826 3229 in
853 3163 1041 3230 amicitiam
1068 3171 1294 3250 cogneverat.

233 3271 331 3344 Haec
353 3275 448 3363 prius
470 3275 519 3340 illi
541 3274 757 3340 detrahenda
779 3272 907 3339 auxilia
930 3273 1166 3353 existimabat,
1191 3296 1295 3358 quam

231 3385 344 3470 ipsum
368 3385 459 3452 belle
484 3384 676 3462 lacesseret,
702 3388 745 3447 ne
771 3382 952 3466 desperata
977 3382 1088 3448 salitte
1113 3392 1173 3448 aut
1200 3389 1236 3448 se
1260 3382 1294 3448 in
1313 3404 1343 3453 25

231 3493 416 3580 Menapies
445 3493 600 3564 abderet,
621 3502 680 3558 aut
713 3512 793 3556 cum
824 3490 1098 3556 Transrhenanis
1128 3490 1296 3577 congredi

230 3611 424 3691 erigeretur.
467 3605 549 3671 Hec
565 3601 654 3667 inite
671 3598 816 3666 censilie
833 3605 945 3665 tetius
961 3598 1136 3666 exercitas
1153 3599 1296 3684 impedi-

230 3725 349 3780 menta
361 3713 405 3779 ad
420 3711 615 3778 Labienum
629 3708 664 3774 in
677 3707 849 3773 Treveres
863 3706 972 3773 mittit
988 3708 1143 3792 duasque
1158 3708 1200 3774 ad
1217 3728 1296 3774 eum

231 3823 387 3910 legienes
403 3819 575 3906 proficisci
593 3817 705 3895 iubet;
722 3816 794 3901 ipse
811 3836 892 3882 cum
908 3814 1105 3901 legionibus
1123 3817 1297 3900 expeditis

233 3933 313 3998 vin
339 3929 523 4015 Menapies
546 3925 787 4013 proficiscitur.
837 3924 892 3988 Illi
914 3924 1009 3988 nulla
1030 3929 1156 3988 coacta
1180 3930 1295 4002 manu,
1314 3955 1347 4005 ³0
