3044 4442
521 326 638 379 LIBER
666 325 712 380 lv.
740 325 822 381 CAP.
849 337 961 394 32-35.
1221 342 1276 388 101

208 505 393 570 conlocant
415 515 464 582 ut,
486 511 514 570 si
535 503 582 570 illi
601 511 621 570 ai
642 503 864 570 multitirdine
885 502 1039 569 hostium
1063 512 1275 587 premantur,

207 613 411 698 expeditum
425 615 467 680 ad
483 620 565 679 suos
580 625 759 697 receptum
775 613 935 678 habeant.
976 613 1030 677 Ita
1046 611 1276 678 mebilitetem

206 722 375 808 equitum,
394 721 617 788 stabilitatem
635 721 792 806 peditum
811 721 845 786 in
864 720 1003 806 proeliis
1022 732 1196 806 praestant
1203 743 1210 801 ;
1235 727 1275 787 a'tc

208 844 345 898 tantum
367 837 432 897 listi
456 831 633 897 cotidiani)
656 842 691 898 et
715 829 965 897 exercitatiene
989 829 1143 896 efficiunt
1166 837 1216 896 uti
1239 831 1274 896 in

208 943 333 1008 declivi
354 947 395 1008 ec
418 940 597 1026 praecipiti
619 941 699 1006 loce
722 940 889 1006 incitetbs
912 946 1021 1025 eques
1044 940 1214 1007 sustinere
1238 954 1272 1007 et
1294 967 1308 1017 s

207 1054 303 1119 brevi
322 1052 494 1118 modereri
513 1057 553 1117 ec
574 1051 722 1128 flectere,
743 1061 777 1115 et
797 1071 858 1135 per
877 1056 1055 1116 temenem
1076 1071 1275 1134 percurrere

208 1173 242 1227 ct
262 1161 296 1226 in
317 1161 402 1246 iuge
421 1161 579 1228 insistere
599 1171 633 1226 et
653 1167 690 1227 se
709 1161 789 1227 inde
809 1160 845 1227 in
866 1168 987 1228 curnis
1007 1161 1171 1228 citissime
1191 1160 1274 1226 reci-

207 1291 287 1354 pere
304 1270 513 1336 censuerint.

267 1431 372 1485 Rescue
383 1431 420 1502 eff
427 1431 629 1503 thesoragers.
673 1430 733 1486 The
744 1432 866 1486 Britons
870 1431 983 1504 gather
994 1435 1027 1487 in
1032 1437 1125 1504 great
1126 1433 1217 1504 force.

276 1542 415 1627 Quibus
440 1543 542 1608 rebus
568 1544 778 1636 perturbetis
802 1549 929 1608 nostris
954 1543 1109 1609 nevitete
1134 1548 1273 1627 prignae
1292 1553 1334 1619 34

206 1665 363 1737 tempore
378 1653 677 1737 opportimissime
693 1652 820 1719 Caesar
832 1652 1001 1718 auxilium
1015 1652 1109 1731 tulit;
1124 1673 1274 1736 namque
1295 1678 1326 1715 10

208 1763 281 1828 eius
303 1763 455 1829 adventii
479 1764 598 1829 hostes
620 1763 863 1841 constiterunt,
886 1769 997 1828 nostri
1020 1769 1057 1828 se
1080 1785 1125 1828 ex
1148 1761 1274 1827 timere

206 1879 420 1957 receperunt.
470 1872 554 1957 Que
567 1872 659 1938 lacte
671 1873 714 1938 ad
728 1872 967 1938 lacessendum
981 1872 1118 1938 hostem
1132 1881 1166 1938 et
1179 1891 1275 1937 com-

207 1982 417 2048 mittendum
442 1983 613 2067 proelium
638 1983 789 2048 alienum
814 2003 888 2048 esse
914 1991 1052 2066 tempus
1076 1981 1273 2058 arbitretuS,

208 2098 271 2156 sub
295 2098 332 2157 se
355 2092 434 2156 loco
458 2091 630 2157 continuit
654 2102 688 2158 et
714 2093 810 2158 brevi
835 2101 993 2176 tempore
1016 2089 1213 2158 intermisse
1238 2089 1274 2155 in

207 2211 318 2268 castra
339 2201 494 2287 legiones
516 2201 666 2268 reduxit.
716 2202 812 2267 Dum
836 2202 920 2268 haec
943 2211 1123 2287 geruntur,
1147 2206 1324 2274 nostris15

207 2311 369 2376 omnibus
388 2318 577 2395 occupetis
598 2318 772 2397 quierant
792 2311 826 2377 in
846 2317 939 2397 agris
959 2311 1090 2395 reliqui,
1111 2311 1274 2376 discesse-

207 2431 296 2487 runt.
342 2421 488 2488 Secutae
508 2432 588 2487 sunt
607 2421 795 2487 continues
815 2421 1013 2505 complures
1032 2419 1106 2486 dies
1125 2429 1275 2504 tempes-

207 2537 306 2608 tetes
327 2552 415 2616 quae
435 2541 468 2596 et
489 2537 628 2596 nostros
648 2531 682 2595 in
703 2537 823 2596 castris
843 2529 1062 2596 continerent
1082 2541 1116 2595 et
1136 2529 1274 2595 hostem

207 2646 228 2706 e
262 2646 381 2726 ptigmi
416 2641 650 2724 prohiberent.
711 2641 855 2706 interim
891 2640 1027 2705 barbari
1062 2638 1203 2704 nunties
1238 2639 1273 2704 in

207 2757 329 2815 omnes
365 2756 479 2834 partes
515 2751 720 2815 dimiserunt
755 2749 1036 2834 paucitatemque
1073 2755 1273 2816 nostrerum
1294 2775 1326 2812 20

208 2859 355 2924 militum
375 2865 445 2924 suis
463 2858 749 2942 praediceverunt
769 2871 814 2937 et,
834 2869 965 2943 quanta
984 2858 1130 2943 praedae
1150 2858 1274 2924 lacien-

207 2969 270 3035 dae
290 2982 394 3052 atque
414 2968 448 3033 in
469 2980 676 3052 perpetuum
698 2976 751 3034 sui
772 2970 939 3035 liberandi
959 2969 1103 3035 lacultes
1124 2969 1273 3046 daretur,

207 3084 234 3142 si
251 3078 432 3144 Remenes
448 3083 568 3144 castris
584 3079 809 3162 expulissent,
828 3079 1165 3146 demenstreverunt.
1207 3079 1274 3144 His

207 3188 309 3252 rebus
339 3187 494 3254 celeriter
524 3194 653 3273 megne
685 3188 907 3255 multitirdine
939 3187 1114 3272 peditetirs
1143 3187 1274 3273 equite-

207 3301 332 3380 ti1sque
350 3301 470 3361 ceacta't
489 3296 531 3362 ad
550 3307 661 3363 castra
679 3304 858 3364 venerunt.
1294 3325 1325 3375 ας

528 3469 555 3522 Τ
551 3467 603 3539 bey
614 3485 667 3522 are
678 3469 812 3540 defeated
820 3470 853 3521 in
865 3469 959 3523 battle.

278 3576 413 3656 Caesar,
441 3585 505 3645 etsi
532 3579 624 3644 idem
652 3579 746 3663 quod
775 3579 1011 3663 superieribus
1038 3580 1161 3646 diebus
1187 3579 1274 3645 acci·
1293 3586 1336 3654 35

208 3685 304 3752 derat
325 3687 397 3752 lore
417 3687 566 3765 videbat,
588 3699 636 3766 ut,
658 3695 687 3753 si
706 3699 820 3754 essent
841 3688 959 3754 hostes
979 3689 1078 3773 pulsi,
1101 3689 1275 3754 celeritete

208 3797 399 3880 periculum
430 3796 638 3882 effugerent,
671 3809 788 3863 tamen
818 3809 943 3863 nactus
974 3798 1109 3882 equites
1140 3797 1277 3865 circiter

209 3924 300 3983 xxx,
320 3911 409 4000 ques
429 3904 610 3972 Commius
628 3906 789 3984 Atrebas,
808 3906 851 3973 de
871 3912 941 4000 que
960 3916 1042 3974 ante
1061 3906 1193 3972 dictum
1213 3916 1274 3986 est,
