3014 4452
503 349 618 402 LIBER
644 350 708 405 Vll.
735 351 819 404 CAP.
847 361 957 418 57-59.
1203 364 1263 429 205

199 527 434 612 Deprehensis
456 527 601 594 naivibus
622 527 757 594 circiter
779 548 801 592 L
822 528 1046 612 celeriterque
1069 527 1264 592 coniflnctis

198 647 302 720 atque
324 642 367 702 ec‘)
390 635 555 702 militibus
577 636 748 721 impositis
770 647 804 703 et
826 643 875 702 rei
897 636 1052 702 novitate
1075 635 1264 719 perterritis

195 745 390 829 oppidanis,
407 750 557 827 querum
575 751 703 829 magna
720 766 798 829 pars
814 755 886 810 erat
902 745 945 810 ad
963 745 1091 810 bellum
1108 750 1263 822 evocata,

196 854 268 920 sine
283 853 507 920 contentic'me
523 853 654 939 oppidc')
669 861 811 938 potitur.
862 853 1008 919 Reiectc')
1024 863 1142 937 ponte,
1159 874 1263 936 quem

197 962 432 1046 superieribus
453 963 575 1028 diebus
597 963 715 1029 hostes
737 963 957 1040 resciderant,
981 962 1172 1028 exercitum
1196 967 1295 1040 tre-5

196 1071 291 1136 deicit
306 1081 340 1138 et
355 1072 509 1136 secunde
523 1071 664 1139 flsrmine
677 1073 720 1138 ad
735 1071 915 1137 Lutetiam
930 1072 996 1137 iter
1009 1071 1119 1137 facere
1133 1069 1260 1154 eoepit.

200 1181 332 1246 Hostes
354 1187 390 1247 re
412 1180 555 1266 cognite
575 1182 618 1247 ab
640 1187 698 1258 eis,
721 1187 781 1265 qui
804 1180 1002 1247 Metiosedc')
1026 1181 1263 1265 profugerant,

200 1289 376 1356 Lutetiam
401 1289 550 1368 incendi,
576 1297 771 1375 pontesque
796 1290 869 1356 eius
895 1289 1016 1374 oppidi
1041 1289 1188 1355 rescindi
1213 1289 1263 1355 iu-

198 1400 296 1477 bent;
314 1398 378 1482 ipsi
394 1399 541 1483 proiecti
558 1405 578 1464 e
597 1399 721 1482 palude
740 1399 774 1463 in
793 1405 867 1482 ripe
885 1398 1065 1482 Sequanae
1083 1405 1102 1465 e
1120 1399 1263 1484 regione

199 1507 358 1574 Lutetiae
376 1515 499 1576 contre
518 1507 663 1575 Labieni
681 1519 792 1575 castra
809 1508 1005 1576 censidunt.
1284 1546 1314 1582 10

273 1738 320 1792 He
337 1738 433 1792 learns
450 1739 486 1811 qs
502 1738 631 1792 Caesar’s
648 1738 765 1809 repulse,
778 1738 843 1791 and
856 1739 892 1809 of
905 1736 954 1791 the
968 1738 1077 1809 spread
1090 1739 1126 1809 of
1139 1738 1188 1792 the

627 1827 829 1879 insurrection.

266 1958 340 2023 Iam
362 1956 487 2023 Caesar
506 1963 526 2023 e
546 1957 722 2042 Gergovia
741 1956 936 2023 discessisse
956 1957 1171 2034 audiebatur,
1192 1957 1259 2022 iam
1279 1977 1323 2047 59

195 2066 239 2132 de
258 2067 489 2132 Haeduorum
506 2066 700 2132 delectione
717 2077 750 2131 et
768 2065 922 2130 secunde
941 2065 1070 2131 Galliae
1088 2072 1188 2131 metti
1207 2072 1262 2131 rti-

195 2181 310 2241 meres
326 2175 583 2254 adferebantur;
601 2175 757 2258 Gallique
774 2175 809 2239 in
826 2175 1021 2258 conloquiis
1037 2175 1263 2240 interclusum

142 2370 147 2378 Ι
196 2282 317 2350 itinere
335 2295 369 2348 et
389 2283 508 2368 Ligeri
528 2282 709 2349 Caesarem
729 2283 847 2366 inopie
864 2283 1028 2349 frtimenti
1047 2289 1208 2348 coectum
1227 2284 1262 2348 in

196 2392 411 2477 provinciam
439 2392 659 2459 contendisse
686 2392 950 2458 cbnfirmz'tbant.
1002 2392 1176 2458 Bellovaci
1203 2415 1262 2459 au·
1282 2427 1311 2477 ις

196 2515 267 2569 tem
283 2504 477 2573 delectiene
495 2505 725 2571 Haeduerum
742 2504 894 2590 cognita,
911 2511 971 2588 qui
986 2504 1054 2569 iam
1069 2513 1149 2568 ante
1165 2513 1262 2568 erant

197 2635 258 2699 per
275 2621 311 2681 se
327 2613 494 2693 infideles,
513 2620 636 2681 manus
654 2620 780 2699 cogere
798 2624 902 2698 atque
920 2619 1038 2697 aperte
1056 2613 1185 2678 bellum
1204 2633 1262 2696 pa-

196 2729 270 2790 rare
291 2731 491 2808 coeperunt.
540 2725 631 2790 Tum
655 2724 830 2790 Labienus
851 2728 948 2790 tante
969 2729 1085 2788 rerum
1106 2728 1263 2788 commit-

196 2832 328 2898 tetiene
344 2835 451 2919 longe
467 2834 560 2900 aliud
577 2834 640 2900 sibi
658 2835 865 2919 capiendum
883 2834 1065 2900 censilium
1083 2845 1187 2918 atque
1204 2855 1263 2899 an-

196 2947 252 3006 tee
274 2948 426 3008 senserat
449 2943 686 3028 intellegebat;
709 2965 821 3028 neque
843 2943 911 3009 iarn
933 2955 971 3009 ut
993 2943 1120 3028 aliquid
1143 2943 1263 3028 adqui·
1281 2979 1313 3016 20

197 3061 286 3117 reret
312 3051 514 3136 proelieque
540 3053 658 3118 hostes
683 3053 875 3129 lacesseret,
901 3054 960 3118 sed
987 3065 1024 3119 ut
1051 3053 1262 3118 incolumem

196 3160 389 3225 exercitum
413 3159 636 3244 Agedincum
659 3162 838 3228 redticeret
862 3162 1050 3246 cogitabat.
1101 3161 1263 3245 Namque

196 3269 302 3334 altere
324 3290 367 3334 ex
389 3281 485 3352 parte
508 3269 692 3342 Bellovaci.
715 3292 802 3353 quae
824 3270 944 3336 civitas
966 3270 1000 3334 in
1023 3270 1132 3336 Gallie
1153 3270 1263 3336 maixi-

195 3399 288 3442 mam
306 3377 410 3443 habet
431 3376 633 3462 opinienem
652 3377 802 3456 virtsrtis
821 3379 1011 3456 instabant,
1032 3379 1177 3445 alteram
1197 3377 1262 3444 Ca-

196 3488 405 3571 mulogenus
436 3493 557 3571 parete
588 3498 691 3571 atque
719 3493 891 3553 instructe
922 3487 1077 3554 exercite
1108 3489 1263 3558 tenebat:
1282 3525 1312 3575 25

197 3604 272 3659 tum
293 3596 488 3681 legionesa
509 3595 680 3680 praesidis)
701 3608 804 3680 atque
824 3596 1081 3679 impedimentis
1102 3597 1264 3662 interclti-

197 3709 251 3768 sas
275 3705 468 3770 maximum
494 3705 622 3770 flumen
647 3703 842 3769 distinebat.
891 3704 1012 3770 Tantis
1036 3705 1152 3771 subite
1176 3705 1264 3770 diffi-

198 3813 389 3879 cultatibus
415 3812 562 3879 obiectis
588 3812 630 3877 ab
658 3812 763 3877 animi
789 3811 920 3877 virtirte
947 3811 1116 3878 auxilium
1143 3826 1263 3898 peten-

198 3920 282 3985 dum
298 3922 447 3988 videbat.
