3048 4444
481 373 597 425 crana
624 373 673 427 vr.
701 362 785 426 can
815 373 924 438 14-16.
1177 389 1232 456 151

166 552 208 616 ab
221 551 294 616 aliis
306 561 385 635 post
399 561 549 616 mortem
561 557 706 617 transire
720 551 762 617 ad
775 551 871 629 alios,
884 563 988 636 atque
1002 552 1069 618 hoc
1083 551 1235 618 maxima

71 701 74 708 ‹
166 660 209 726 ad
241 660 405 726 virttitem
437 659 581 726 excitari
612 670 748 745 putant,
779 665 874 726 metu
907 660 1029 726 mortis
1060 662 1233 747 neglecto.

170 769 282 834 Multa
308 775 485 853 praeterea
510 768 554 835 de
579 768 748 836 sideribus
775 780 879 853 atque
905 776 1027 836 eorum
1054 776 1164 849 mota,
1190 771 1235 837 da

166 878 287 944 mundi
307 884 347 944 ac
369 884 538 943 terrarum
559 878 812 963 magnitudine,
833 879 877 946 de
898 885 1014 945 rerum
1034 885 1168 959 natura,
1190 879 1234 947 da

166 990 312 1054 deorum
345 985 596 1054 immortalium
629 994 662 1053 vi
695 994 736 1055 ac
769 995 949 1074 potestate
982 989 1163 1075 disputant
1197 1000 1266 1065 ets

167 1095 342 1163 iuventuti
367 1097 521 1163 tradunt.

601 1218 798 1291 Taenarus.

234 1330 394 1394 Alterum
413 1350 525 1414 genus
543 1339 595 1394 est
613 1328 781 1413 equitum.
832 1329 892 1408 Hi,
910 1353 991 1397 cum
1010 1343 1062 1398 est
1081 1339 1163 1398 risus
1182 1344 1232 1400 at·
1253 1349 1293 1419 15

165 1461 233 1523 que
252 1438 392 1522 aliquod
412 1438 542 1504 bellum
563 1437 682 1505 incidit
701 1477 749 1487 —
768 1440 863 1524 quod
885 1440 955 1507 lere
975 1453 1054 1508 ante
1077 1441 1232 1508 Caesaris

165 1549 354 1614 adventum
372 1553 560 1632 quotannis
577 1547 733 1614 accidere
752 1548 896 1628 solebat,
915 1556 966 1615 uti
983 1561 1043 1615 aut
1062 1550 1126 1635 ipsi
1145 1551 1232 1617 inii1-

164 1657 230 1723 rias
241 1657 407 1722 iulerrent
419 1666 481 1722 aut
495 1656 620 1723 inlatas
632 1657 875 1743 propulsarent
887 1699 942 1738 —,
957 1666 1079 1727 omnas
1092 1661 1126 1726 in
1140 1661 1230 1729 bello
1253 1687 1284 1723 ιο

166 1776 355 1844 versantur,
371 1777 475 1850 atque
491 1771 613 1832 earum
629 1776 667 1832 ut
683 1767 829 1851 quisque
844 1778 895 1834 est
911 1790 1039 1853 genere
1055 1769 1232 1854 copiisque

165 1875 407 1961 amplissimus,
425 1875 472 1942 ita
490 1875 658 1961 pltirimos
676 1876 806 1942 circum
825 1883 861 1943 sa
878 1878 1057 1945 ambactos
1077 1879 1232 1945 clientes-

165 2008 232 2071 que
254 1986 367 2052 habet.
418 1985 521 2052 Hanc
543 1991 648 2051 tinam
670 1985 819 2072 gratiam
842 1987 1104 2073 potentiamque
1127 1995 1232 2057 nova-

165 2106 255 2161 runt.

553 2183 837 2255 Humansamflces.

234 2319 341 2386 Natio
357 2331 409 2387 est
425 2321 539 2387 omnis
557 2321 736 2388 Gallorum
754 2321 944 2388 admodum
961 2319 1077 2386 dadita
1094 2318 1231 2405 religia·
1251 2319 1293 2386 16

165 2430 276 2508 nibus,
296 2441 400 2516 atque
421 2431 466 2496 ob
485 2452 562 2497 eam
582 2453 721 2497 causam
741 2438 801 2515 qui
820 2441 899 2496 sunt
920 2431 1046 2497 adlecti
1065 2429 1231 2515 graviori-

167 2539 233 2606 bus
257 2539 387 2607 morbis
411 2546 540 2626 quique
564 2541 599 2606 in
624 2541 763 2627 proeliis
788 2541 1017 2627 periculisque
1042 2551 1231 2620 versantur,

162 2661 222 2715 aut
239 2656 302 2734 pro
319 2651 468 2716 victimis
485 2650 644 2716 homines
660 2649 842 2716 immolant
859 2661 917 2717 aut
936 2656 973 2716 sa
990 2650 1232 2716 immolaturos

163 2771 303 2837 vovent,
323 2760 603 2845 administrisque
622 2761 665 2826 ad
684 2782 724 2827 ea
743 2760 909 2827 sacrificia
926 2751 1107 2826 druidibus
1127 2767 1229 2827 ittun-

164 2879 231 2944 tur,
249 2871 356 2954 quod,
374 2877 438 2955 pro
458 2877 528 2937 vita
546 2870 696 2936 hominis
714 2871 778 2936 nisi
798 2871 948 2937 hominis
966 2877 1037 2936 vita
1056 2870 1230 2946 reddatur,
1249 2893 1283 2932 ιο

164 2985 235 3044 non
261 3001 362 3064 posse
387 2981 534 3046 deorum
559 2980 809 3046 immortalium
836 2987 965 3047 numen
991 2982 1118 3065 placari
1142 2979 1230 3045 arbi-

164 3099 313 3166 trantur;
340 3089 546 3175 publicaque
572 3089 728 3157 aiusdem
754 3090 892 3176 generis
918 3091 1046 3157 habent
1071 3090 1230 3156 instituta

167 3198 341 3265 sacrificia.
383 3198 453 3264 Alii
471 3199 613 3266 immani
630 3199 873 3286 magnitadine
891 3201 1073 3267 simulacra
1091 3200 1231 3279 habent,

162 3315 312 3394 quorum
336 3319 507 3375 contexta
531 3309 717 3375 viminibus
740 3309 895 3375 membra
919 3315 1005 3374 vivis
1030 3309 1229 3375 hominibus

161 3419 353 3503 complent;
373 3418 499 3503 quibus
518 3425 691 3485 succensis
709 3418 936 3484 circumventi
956 3417 1096 3484 flamma
1113 3416 1230 3484 exani·
1249 3442 1280 3492 25

163 3540 303 3595 mantur
330 3528 499 3594 homines.
550 3527 726 3612 Supplicia
752 3533 874 3594 eorum
902 3533 962 3610 qui
989 3527 1023 3592 in
1050 3526 1143 3593 tarto
1170 3537 1230 3592 aut

166 3637 351 3704 latrocinio
372 3646 433 3704 aut
456 3636 570 3723 aliqua
591 3637 698 3703 noxia
720 3636 789 3703 sint
812 3636 1054 3721 comprehensi
1076 3635 1231 3722 gratiora

161 3745 214 3811 dis
229 3745 483 3813 immortalibus
497 3767 570 3813 esse
584 3745 808 3824 arbitrantur;
824 3745 895 3823 sed,
910 3763 990 3811 cum
1005 3744 1079 3810 aius
1093 3745 1231 3830 generis

161 3855 264 3940 copia
287 3855 414 3934 daficit,
439 3854 610 3922 etiamad
634 3853 874 3920 innocentium
898 3852 1066 3939 supplicia
1088 3852 1230 3920 descen-

160 3964 260 4032 dunt.

327 4051 358 4104 la
