3048 4444
255 337 311 404 192
609 297 749 376 'satu
776 321 935 378 numer

254 503 363 565 tatem
376 507 507 568 temere
520 501 563 568 ad
577 502 835 587 suscipiendum
850 503 978 568 bellum
992 503 1118 569 adduci
1131 524 1234 587 posse
1249 507 1320 569 nun

254 610 487 682 conlidabant.
538 611 672 676 Placuit
688 623 726 676 ut
743 611 940 677 Litaviccus
957 630 981 675 x
998 611 1062 675 illis
1078 611 1216 676 milibus
1232 632 1320 694 quae

256 719 393 786 Caesari
415 720 459 785 ad
481 721 611 787 bellum
633 721 854 786 mitterentur
876 719 1129 804 praeficeratur,
1153 731 1257 803 atque
1280 740 1320 785 ea

255 829 413 895 ducenda
434 834 569 896 curaret
589 829 780 914 fratrasque
801 830 875 895 aius
894 830 936 895 ad
959 829 1142 896 Caesarem
1163 849 1320 912 praecur-

221 949 379 1012 srerent.
429 938 576 1023 Reliqua
601 944 670 1023 qua
694 938 826 1003 ratione
851 944 909 1023 agi
934 939 1065 1022 placeat
1091 936 1317 1003 cunstituunt.

270 1077 439 1131 Litaviccus
456 1092 491 1130 on
510 1075 558 1130 the
574 1092 640 1147 way
657 1081 686 1130 to
706 1075 849 1153 Gergovia
869 1077 969 1128 mcites
987 1074 1034 1129 his
1051 1077 1147 1144 troops
1166 1079 1194 1127 to
1212 1073 1304 1127 deser!

686 1161 735 1217 the
751 1163 886 1216 Romus.

194 1277 238 1355 38
325 1273 522 1340 Litaviccus
535 1279 680 1357 acceptu
695 1272 861 1350 exercitu,
876 1293 955 1338 curn
970 1271 1064 1338 milia
1079 1292 1243 1355 passuum
1257 1271 1320 1336 cir-

256 1383 341 1448 citer
362 1403 442 1448 xxx
464 1391 485 1449 a
506 1382 682 1468 Gergovia
703 1382 849 1458 abesset,
872 1387 1073 1446 convocatis
1095 1380 1211 1445 subito
1233 1379 1320 1443 mili-

254 1492 346 1557 tibus
361 1493 553 1569 lacrimans,
570 1491 681 1576 “Qua
697 1489 981 1575 proficiscimur,''
999 1488 1122 1573 inquit,
1140 1488 1158 1514 ‘⁴
1174 1488 1318 1553 militas?

256 1602 383 1668 Omnis
403 1613 521 1667 noster
541 1601 726 1685 equitatus,
747 1598 861 1665 omnis
881 1598 1043 1664 nubilitas
1064 1597 1207 1676 interiit;
1228 1604 1320 1681 prin-

206 1739 237 1776 10
255 1711 349 1796 cipas
371 1711 529 1788 civitatis
554 1711 775 1796 Eporedorix
798 1720 831 1775 et
855 1708 1108 1785 Viridomarus
1131 1707 1319 1772 insimulati

256 1820 472 1905 pruditiunis
496 1822 538 1887 ab
563 1821 732 1886 Ramanis
755 1818 884 1885 indicta
908 1824 1010 1883 causa
1033 1817 1203 1882 interlecti
1227 1827 1317 1881 sunt.

256 1930 355 1996 Haec
376 1930 419 1995 ab
440 1930 492 1994 his
513 1929 716 2014 cognuscite
737 1934 796 2012 qui
817 1948 862 1992 ex
884 1927 958 2010 ipsa
978 1927 1083 1991 caede
1104 1925 1319 2010 effugarunt;

253 2061 333 2104 nam
364 2061 443 2124 ego,
474 2039 638 2106 fratribus
668 2050 773 2123 atque
804 2038 966 2103 omnibus
997 2043 1083 2103 meis
1115 2036 1317 2121 propinquis

253 2147 456 2225 interfectis
479 2148 600 2213 dolare
623 2147 810 2235 prohibeor
831 2168 919 2231 quae
941 2157 1040 2231 gesta
1062 2157 1142 2211 sunt
1165 2151 1317 2229 primun·

205 2286 234 2335 15
256 2257 374 2324 tiare.''
424 2257 671 2323 Pruducuntur
692 2262 723 2322 ei
745 2263 833 2340 quos
855 2255 1118 2322 ille-edocuerat
1142 2276 1229 2340 quae
1252 2252 1319 2319 dici

254 2367 367 2444 vellet,
398 2377 503 2451 atque
533 2366 654 2433 eadem
686 2386 774 2449 quae
806 2365 1003 2431 Litaviccus
1034 2365 1319 2450 prenuntiaverat

255 2477 469 2542 multitudini
489 2483 686 2561 expununt:
708 2477 842 2544 Omnas
862 2478 996 2562 equitas
1018 2479 1248 2545 Haeduorum
1269 2478 1319 2543 in-

254 2586 428 2664 teriectus
447 2586 542 2670 quod
562 2588 738 2652 conlocuti
757 2609 836 2653 cum
856 2587 1021 2654 Arvernis
1040 2589 1250 2667 dicerentur;
1269 2588 1318 2672 ip-

254 2701 311 2761 sus
330 2702 366 2762 sa
384 2695 473 2761 inter
491 2697 748 2762 multitudinem
769 2697 918 2764 muitum
938 2700 1130 2766 occultasse
1149 2710 1253 2783 atque
1272 2721 1317 2764 ex

203 2829 236 2866 20
255 2805 369 2872 media
385 2805 490 2873 caede
508 2805 681 2891 effugisse.

324 2914 552 2981 Conclamant
569 2915 708 2980 Haedui
722 2927 756 2982 et
772 2917 988 2984 Litaviccum
1004 2919 1184 2984 obsecrant
1200 2927 1238 2982 ut
1254 2916 1317 2983 sibi

255 3025 422 3089 consulat.
473 3023 616 3107 “Quasi
641 3024 756 3102 veru‚”
782 3026 893 3110 inquit
919 3027 984 3104 ille,
1009 3026 1162 3092 “cunslli
1187 3027 1229 3092 sit
1252 3033 1318 3102 ras,

254 3139 293 3198 ac
310 3139 381 3197 nun
398 3153 536 3198 necesse
553 3131 596 3198 sit
613 3134 713 3198 nubis
731 3133 942 3220 Gergoviam
960 3136 1169 3202 contendere
1186 3145 1220 3200 et
1238 3155 1319 3200 curn

254 3243 419 3306 Arvernis
437 3246 573 3307 nusmet
592 3243 815 3328 coniungere.
866 3244 922 3308 An
941 3243 1139 3310 dubitamus
1158 3250 1241 3328 quin
1260 3265 1319 3309 ne-

203 3377 233 3426 25
255 3349 340 3415 lario
360 3349 511 3417 lacinore
531 3351 683 3416 admissu
705 3352 856 3418 Rumani
876 3352 944 3417 iam
965 3353 1006 3418 ad
1029 3359 1093 3418 nas
1113 3352 1319 3418 interficien-

255 3460 319 3524 dus
344 3460 572 3526 concurrant?
599 3460 760 3537 Proinde,
785 3461 919 3544 siquid
944 3461 978 3525 in
1002 3462 1102 3526 nubis
1126 3462 1231 3528 animi
1255 3473 1318 3532 est.

254 3575 502 3654 persequamur
527 3576 649 3636 eurum
676 3580 836 3645 mortem,
864 3576 924 3654 qui
951 3569 1189 3655 indignissime
1215 3571 1318 3638 inter-

253 3681 376 3757 ierunt,
407 3690 512 3764 atque
542 3679 606 3743 hos
637 3679 787 3743 latrunes
819 3678 1097 3746 interficiamus.'’
1154 3681 1319 3748 Ostendit

253 3796 345 3855 civas
372 3789 556 3854 ‘Rumanr'n
586 3794 645 3870 qui
676 3785 749 3852 aius
780 3788 927 3870 praesidi
956 3788 1082 3855 liducia
1112 3795 1181 3856 una
1211 3801 1317 3857 erant.

203 3932 235 3982 30
255 3897 434 3965 Continui)
456 3903 624 3981 magnum
646 3917 830 3961 numerum
850 3895 1014 3963 frumenti
1035 3904 1320 3982 commeatusque
