3044 4442
267 352 312 418 90
655 337 769 389 BELLI
794 337 951 389 GALLlCl

269 514 373 582 etiam
394 515 489 599 quod
511 516 567 581 illa
586 537 664 600 pars
685 516 860 600 equitatas
880 515 1068 601 Usipetum
1089 524 1124 581 et
1144 515 1334 581 Tenctero-

268 646 356 701 rum,
389 646 493 709 quam
525 631 629 709 supra
660 631 933 692 commemoravi
964 623 1152 710 praedandi
1183 623 1334 688 framen-

269 735 433 819 tandique
456 739 558 800 cansa
580 735 719 800 Mosam
742 741 915 813 transisse,
940 756 1052 818 neque
1075 733 1207 818 proelio
1230 732 1334 799 inter-

271 847 385 923 fuisse,
410 855 488 928 post
512 844 632 929 lugam
656 850 799 910 suarum
824 850 861 910 se
883 850 978 910 trans
1003 844 1167 909 Rhenum
1190 843 1226 907 in
1248 841 1336 908 fines

236 957 548 1043 sSugambrerum
574 961 750 1038 receperat
776 960 882 1038 seque
908 976 988 1020 cum
1014 955 1066 1019 his
1093 953 1332 1019 coniunxerat.

268 1067 324 1132 Ad
347 1073 435 1151 quos
456 1087 536 1131 cum
557 1064 684 1132 Caesar
703 1064 845 1130 nunties
867 1065 1015 1130 misisset
1037 1069 1096 1147 qui
1117 1062 1333 1148 postularent

267 1183 337 1255 eas,
352 1183 411 1260 qui
425 1175 489 1242 sibi
503 1174 702 1259 Galliaeque
714 1175 843 1240 bellum
857 1173 1063 1250 intulissent,
1078 1172 1142 1238 sibi
1156 1172 1333 1250 dederent,

269 1285 548 1370 responderunt:
584 1285 710 1369 Populi
752 1284 904 1349 Ramani
944 1282 1128 1366 imperium
1171 1281 1336 1348 Rhenum

269 1395 382 1473 linire;
405 1401 434 1460 si
456 1401 492 1461 se
515 1395 625 1461 invite
649 1385 842 1461 Germanas
865 1393 900 1459 in
925 1392 1070 1458 Galliam
1093 1399 1238 1459 transire
1261 1399 1333 1458 nen

222 1531 252 1567 ιο
268 1526 417 1590 aequum
436 1501 661 1582 existimaret,
681 1510 742 1571 car
761 1511 814 1570 sui
833 1503 1020 1588 quicquam
1038 1524 1113 1569 esse
1132 1503 1253 1587 imperi
1274 1513 1333 1568 aut

268 1615 450 1700 potestatis
469 1621 564 1681 trans
584 1614 747 1681 Rhenum
767 1613 978 1699 postularet?

336 1725 421 1791 Ubii
437 1737 565 1803 autem,
582 1731 643 1809 qui
660 1731 720 1790 imi
736 1747 780 1791 ex
797 1724 1072 1790 Transrhenanis
1088 1723 1131 1789 ad
1150 1722 1333 1789 Caesarem

267 1835 401 1920 legates
419 1841 594 1912 miserant,
612 1833 798 1900 amicitiam
817 1833 978 1912 fecerant,
999 1833 1137 1899 obsides
1157 1833 1333 1910 dederant,

267 1951 481 2029 magnopere
495 1944 652 2022 arabant,
668 1956 706 2010 ut
720 1944 783 2010 sibi
798 1944 966 2009 auxilium
980 1943 1094 2021 ferret,
1111 1942 1206 2027 quod
1221 1942 1334 2026 gravi-

220 2080 248 2129 ¹5
269 2066 322 2119 ter
345 2056 388 2118 ab
415 2054 538 2119 Suebis
564 2065 816 2139 premerentur;
842 2054 906 2130 vel,
934 2059 962 2118 si
988 2053 1021 2118 id
1048 2054 1159 2118 iacere
1185 2057 1332 2135 occupa·

267 2163 420 2230 tionibus
451 2170 500 2231 rei
530 2164 686 2249 pablicae
718 2163 969 2248 prohiberetur,
1001 2161 1192 2230 exercitum
1225 2161 1333 2227 modo

270 2273 432 2340 Rhenum
459 2280 724 2359 transportaret;
752 2272 785 2338 id
812 2272 875 2338 sibi
902 2271 945 2338 ad
971 2271 1139 2338 auxilium
1165 2291 1332 2356 spemque

269 2383 391 2468 reliqui
415 2384 582 2469 temporis
606 2384 687 2449 satis
711 2383 877 2449 futurum.
925 2381 1078 2448 Tantum
1104 2404 1178 2448 esse
1203 2389 1333 2449 namen

268 2503 372 2577 atque
391 2494 591 2578 opinienem
611 2495 684 2559 eius
703 2492 875 2558 exercitas
894 2491 1073 2557 Ariovisto
1093 2477 1194 2577 pulsa
1213 2504 1246 2559 et
1266 2493 1333 2559 hoc

219 2629 252 2666 20
268 2602 458 2669 novissime
475 2602 607 2687 proelii)
625 2603 717 2668 lacte
735 2602 838 2668 etiam
857 2602 901 2690 ad
919 2602 1058 2668 ultimas
1078 2602 1333 2669 Germaniarum

269 2713 437 2790 natienes,
459 2719 510 2778 uti
532 2712 697 2796 opinione
718 2722 752 2778 et
774 2711 925 2777 amicitia
948 2712 1069 2796 populi
1092 2713 1244 2779 Remani
1267 2719 1334 2778 tuti

269 2843 342 2888 esse
366 2831 517 2906 possent.
566 2821 718 2887 Navium
740 2828 906 2906 magnam
929 2823 1067 2906 copiam
1091 2824 1134 2889 ad
1158 2829 1333 2907 transpor-

267 2931 412 2997 tandum
428 2930 620 2996 exercitum
638 2931 898 3015 pollicebantur.

637 3069 664 3122 Τ
660 3067 696 3122 he
706 3068 807 3140 bridge
817 3069 966 3126 described.

213 3181 252 3250 17
340 3166 465 3232 Caesar
488 3167 540 3233 his
563 3167 607 3233 de
629 3175 740 3234 causis
763 3176 848 3254 quas
872 3177 1146 3236 commemoravi
1170 3171 1334 3237 Rhenum

219 3301 248 3350 25
271 3285 414 3344 transire
440 3279 638 3346 decreverat
646 3301 653 3358 ;
680 3280 739 3347 sed
768 3281 914 3346 navibus
940 3287 1086 3347 transire
1113 3302 1225 3363 neque
1253 3280 1334 3344 satis

268 3394 384 3454 tatum
404 3409 477 3455 esse
498 3389 728 3455 arbitrabatur
749 3412 862 3474 neque
882 3411 965 3456 snae
986 3411 1099 3473 neque
1120 3389 1240 3474 populi
1263 3388 1334 3452 Ro-

267 3503 360 3564 mani
389 3497 569 3583 dignitatis
598 3520 672 3566 esse
701 3501 884 3565 statuebat.
941 3500 1075 3583 Itaque,
1106 3505 1170 3564 etsi
1198 3518 1334 3564 summa

269 3718 436 3796 tudinem,
464 3717 682 3803 rapiditatem
709 3718 998 3803 altitadinemque
1026 3719 1187 3795 fluminis
1216 3730 1334 3784 tamen

220 3849 251 3896 ³0
268 3828 302 3894 id
322 3829 385 3894 sibi
407 3829 690 3895 contendendum
710 3840 769 3895 aut
789 3829 888 3896 aliter
907 3837 978 3899 non
999 3830 1253 3900 tradacendum
1274 3851 1335 3898 ex-

268 3939 414 4010 ercitum
428 3938 657 4008 existimabat.
