3048 4444
533 353 649 405 LIBER
676 355 726 408 Vl.
752 355 835 410 CAP.
864 370 973 424 12-13.
1228 377 1287 442 149
1332 399 1339 412 .

217 531 330 618 gretie
357 531 598 617 digniteteque
625 532 844 617 amplificete,
872 533 1024 618 Sequani
1052 536 1285 620 principatum

215 640 426 707 dimiserant.
477 641 518 705 In
535 647 657 706 eorum
674 642 791 707 locum
809 642 911 708 Remi
928 656 1178 724 successerant;
1195 651 1285 730 ques

216 749 312 834 quod
334 749 528 833 adaequare
550 749 642 834 apud
667 749 849 817 Caesarem
872 752 985 837 gretie
1007 752 1283 839 intellegebatur,

216 864 247 924 ei
263 864 322 942 qui
337 868 481 943 propter
495 866 629 926 veteres
645 860 841 926 inimicitias
857 861 953 928 nulle
969 862 1076 928 mode
1092 885 1173 929 cum
1191 865 1284 931 Hae·

216 967 293 1033 duis
307 967 475 1053 coniungi
489 979 650 1053 poterant
664 975 701 1036 se
716 969 835 1035 Remis
850 970 885 1035 in
900 970 1094 1038 clientelam
1110 972 1282 1041 dicabant.
1303 1004 1316 1053 5

218 1077 297 1143 Hbs
317 1077 365 1142 illi
384 1076 569 1163 dssigenter
590 1078 792 1157 tuebantur;
814 1078 861 1144 ita
881 1091 914 1146 et
936 1102 1064 1146 novam
1085 1093 1119 1148 et
1142 1097 1284 1168 repente

215 1187 397 1252 collectam
415 1187 660 1254 auctoritatem
680 1189 854 1254 tenebant.
906 1190 961 1255 Εό
981 1201 1097 1257 tamen
1117 1201 1209 1259 statii
1230 1202 1283 1261 res

216 1306 287 1361 erat
309 1306 347 1361 ut
367 1297 473 1381 longe
493 1297 666 1382 principes
687 1297 896 1364 haberentur
918 1299 1069 1381 Haedui,
1090 1304 1281 1370 secundum

216 1401 332 1468 locum
350 1402 530 1488 dignitatis
549 1404 651 1471 Remi
669 1404 878 1471 obtinerent.

238 1606 265 1659 T
261 1605 296 1659 he
309 1605 404 1660 Gallr’c
415 1606 540 1678 nobr'lr'ty,
553 1607 670 1662 Drut'dr
681 1608 746 1661 and
753 1608 881 1681 knights.
919 1611 1023 1667 Power
1034 1615 1070 1684 of
1083 1613 1132 1668 the
1143 1615 1264 1670 Drutils.

285 1739 326 1804 In
351 1746 449 1805 omni
475 1739 586 1806 Gallia
611 1747 734 1808 edrum
761 1743 943 1811 hominum
969 1755 1028 1831 qui
1053 1747 1170 1832 aliquo
1196 1759 1277 1815 sunt
1302 1760 1341 1824 13

215 1855 361 1914 numere
386 1859 491 1933 atque
517 1850 661 1929 honere,
687 1874 816 1937 genera
841 1865 921 1921 sunt
946 1855 1032 1934 duo;
1058 1878 1138 1921 nam
1164 1857 1281 1941 plebes

214 1979 322 2042 paene
342 1965 522 2024 servorum
543 1960 690 2048 habetur
709 1964 798 2041 loce,
819 1986 907 2049 quae
927 1965 1010 2030 nihil
1030 1966 1134 2032 audet
1154 1988 1216 2051 per
1233 1973 1280 2042 se,

218 2067 302 2132 milli
316 2068 503 2135 adhibetur
518 2070 673 2137 censilio.
716 2071 886 2159 Plerique,
903 2097 983 2140 cum
999 2086 1060 2141 aut
1077 2096 1154 2141 aere
1170 2075 1282 2141 alieno

213 2186 272 2242 aut
299 2177 542 2274 magnitudine
569 2180 781 2247 tribtiterum
807 2193 867 2248 aut
892 2182 1016 2248 iniuriis
1042 2183 1280 2267 potentiorum

213 2299 428 2372 premuntur,
446 2296 522 2356 sese
540 2290 574 2355 in
593 2290 795 2357 servitutem
814 2291 929 2357 dicant
948 2293 1136 2372 nebilibus;
1155 2293 1281 2377 quibus
1301 2325 1329 2374 ις

213 2398 247 2462 in
266 2398 330 2464 hes
347 2377 469 2465 eadem
488 2399 606 2466 omnia
623 2411 704 2466 sunt
722 2400 805 2478 iitra,
824 2422 912 2485 quae
930 2401 1080 2468 dominis
1098 2403 1133 2467 in
1151 2409 1278 2468 serves.

214 2506 282 2574 Sed
302 2507 346 2574 de
366 2508 418 2574 his
437 2509 575 2576 ducibus
595 2509 782 2595 generibus
801 2511 947 2575 alterum
968 2521 1019 2576 est
1039 2510 1213 2589 druidum,
1234 2512 1280 2577 al-

213 2626 326 2682 terum
347 2618 515 2702 equitum.
567 2620 621 2685 Illi
642 2620 744 2685 rebus
766 2619 890 2685 divinis
911 2619 1093 2699 intersunt,
1115 2620 1281 2686 sacrificia

212 2726 349 2810 publica
365 2733 405 2795 ac
422 2734 556 2813 privzita
573 2735 773 2815 precurant,
793 2729 978 2815 religienes
996 2729 1279 2822 interpretantur;
1421 2815 1425 2822 Ι

212 2835 255 2901 ad
290 2842 350 2902 ees
385 2843 535 2922 maignus
569 2838 844 2904 adulescentium
880 2859 1045 2905 numerus
1081 2839 1279 2923 disciplinae
1298 2869 1331 2908 20
1426 2843 1437 2864 '‘

213 2951 315 3010 cause
339 2945 525 3024 concurrit,
550 2953 750 3032 maigneque
775 2948 809 3014 hi
832 2957 913 3012 sunt
936 2946 1028 3031 apud
1051 2953 1112 3014 eds
1134 2949 1277 3014 honore.

214 3052 305 3119 Nam
321 3054 391 3120 lere
406 3054 449 3120 de
465 3055 628 3121 omnibus
644 3057 890 3123 contreversiis
906 3055 1052 3141 publicis
1069 3063 1280 3142 privatisque

212 3163 444 3242 censtituunt;
461 3174 506 3242 et,
523 3170 552 3229 si
568 3164 663 3248 quod
679 3176 728 3230 est
746 3165 936 3232 admissum
954 3165 1095 3244 lacinus,
1113 3173 1141 3231 si
1158 3167 1280 3233 caedes

212 3271 311 3348 lacta,
329 3279 356 3336 si
372 3272 415 3338 de
432 3272 633 3351 hereditate,
650 3274 694 3339 de
709 3273 838 3340 linibus
854 3275 1091 3341 contreversia
1107 3286 1170 3353 est,
1185 3276 1296 3342 idem.

212 3380 418 3460 decernunt;
440 3381 592 3466 praemia
613 3388 813 3467 poenasque
835 3383 1052 3450 constituunt
1060 3406 1068 3464 ;
1090 3391 1118 3450 si
1139 3391 1199 3469 qui
1219 3397 1279 3452 aut
1298 3417 1329 3467 25

213 3497 366 3574 privatus
388 3502 449 3557 aut
472 3491 622 3576 populus
644 3497 766 3557 eerum
790 3491 932 3560 decretri
954 3499 1026 3559 nen
1048 3493 1155 3574 stetit,
1177 3495 1279 3561 sacri-

213 3599 298 3666 ficiis
311 3599 534 3668 interdicunt.
564 3589 566 3598 ’
580 3601 678 3667 Haec
692 3622 806 3686 poena
819 3602 912 3687 apud
925 3609 985 3669 ees
999 3614 1051 3670 est
1066 3603 1278 3690 gravissima.

214 3707 352 3792 Quibus
378 3710 425 3775 ita
450 3721 501 3776 est
528 3710 762 3789 interdictum,
789 3711 825 3775 hi
851 3717 997 3777 numere
1025 3711 1213 3797 impierum
1239 3719 1279 3778 zie

211 3819 457 3884 sceleriterum
487 3818 668 3896 habentur,
699 3818 751 3884 his
780 3825 903 3886 omnes
932 3819 1117 3899 decedunt,
1146 3821 1279 3888 aditum

211 3932 335 3993 ebrum
349 3917 617 4011 sermenemque
633 3927 829 4013 defugiunt,
846 3928 989 4014 nequid
1006 3951 1050 3996 ex
1068 3931 1279 4018 contegiene
1297 3960 1330 4012 3⁰
