3048 4444
590 1184 723 1242 LIBER
751 1183 930 1243 SEXTUS.

352 1395 498 1444 SECOND
519 1395 701 1444 INVASION
723 1396 771 1444 OF
791 1395 985 1454 GERMANY,
1006 1396 1037 1443 B.
1059 1397 1089 1444 C.
1113 1397 1151 1447 5³·

548 1576 655 1630 Caesar
666 1577 806 1630 thereasar
817 1574 865 1629 his
877 1591 969 1645 army.

295 1702 420 1768 Multis
445 1703 488 1768 de
513 1709 624 1768 causis
650 1702 777 1768 Caesar
801 1702 969 1768 meierem
994 1699 1125 1767 Galliae
1150 1707 1289 1768 metum
1311 1718 1328 1769 1

225 1817 442 1895 exspectens,
467 1833 528 1896 per
553 1813 602 1877 M.
629 1811 796 1889 Silenum,
822 1811 859 1878 C.
884 1809 1077 1876 Antistium
1102 1810 1291 1895 Reginum,

223 1919 263 1986 T.
284 1921 444 1988 Sextium
463 1923 598 2006 legetds
616 1920 781 1987 dilectum
801 1922 927 1987 habere
944 1919 1108 1999 instituit;
1128 1920 1230 1985 simul
1248 1921 1292 1985 ab

224 2029 286 2096 Cn.
306 2030 477 2116 Pompeie
492 2030 700 2115 procdnsule
716 2030 817 2116 petit,
835 2029 1001 2115 quoniam
1017 2028 1090 2116 ipse
1108 2029 1152 2095 ad
1168 2029 1290 2095 urbem

225 2160 304 2204 cum
333 2138 479 2222 imperio
506 2145 555 2204 rei
583 2139 740 2222 publicae
767 2145 870 2204 cause
896 2144 1100 2216 remaneret,
1129 2143 1218 2222 quos
1246 2159 1322 2216 ex5

227 2247 401 2332 Cisalpine
421 2247 532 2315 Gallie
551 2248 673 2314 consul
694 2255 913 2315 sacrementi>
934 2253 1105 2334 rogasset,
1127 2248 1170 2314 ad
1192 2253 1291 2333 sIgna

228 2364 412 2423 convenire
434 2369 469 2424 et
492 2359 535 2424 ad
558 2363 594 2424 se
616 2357 788 2443 proficisci
810 2356 961 2436 iuberet;
984 2362 1105 2443 megni
1125 2355 1292 2422 interesse

224 2465 327 2531 etiam
345 2466 380 2530 in
399 2466 569 2550 reliquum
587 2477 726 2550 tempus
743 2465 786 2531 ad
805 2464 1008 2550 opinionem
1026 2464 1155 2532 Galliae
1174 2465 1291 2532 existi-

224 2581 322 2640 mens
339 2581 453 2640 tantes
469 2574 578 2641 videri
597 2574 716 2641 Italiae
734 2574 914 2641 lacultetes
931 2584 981 2652 ut,
999 2580 1027 2640 si
1044 2573 1127 2659 quid
1146 2587 1236 2641 esset
1255 2575 1290 2640 in

223 2683 313 2749 belle
329 2684 528 2749 detrimenti
544 2695 738 2766 acceptum,
754 2689 825 2748 non
843 2683 951 2748 modo
968 2682 1002 2748 id
1019 2684 1116 2750 brevi
1131 2695 1290 2770 tempore
1309 2711 1340 2747 ιο

223 2799 349 2869 sarciri,
363 2791 538 2859 sedetiam
553 2791 742 2858 mitioribus
755 2797 875 2877 augeri
890 2791 998 2876 copiis
1013 2805 1140 2878 posset.
1182 2793 1289 2878 Quod

224 2922 303 2966 cum
329 2901 517 2985 Pompeius
540 2911 574 2966 et
598 2905 647 2967 rei
669 2899 828 2985 publicae
851 2912 885 2966 et
908 2901 1078 2969 amicitiae
1103 2902 1289 2978 tribuisset,

223 3010 377 3076 celeriter
393 3009 554 3076 ceniecto
572 3030 632 3093 per
648 3015 730 3074 suos
747 3009 886 3086 dilectui,
905 3008 1016 3076 tribus
1032 3021 1113 3078 ante
1130 3017 1289 3077 exectam

222 3120 370 3185 hiemem
386 3131 420 3185 et
435 3117 633 3184 constitutis
648 3128 682 3184 et
697 3117 856 3184 adductis
871 3119 1080 3204 legionibus,
1096 3119 1288 3203 dupliceto-

223 3250 290 3312 que
314 3235 433 3294 cerum
457 3227 655 3293 cohortium
680 3234 837 3304 numero,
863 3234 950 3312 ques
974 3250 1055 3295 cum
1082 3227 1126 3313 Q.
1152 3227 1289 3294 Titinio
1309 3249 1338 3298 15

222 3343 393 3413 emiserat,
412 3346 447 3402 et
464 3334 638 3401 celeritete
656 3345 691 3400 et
709 3335 819 3418 copiis
837 3335 957 3401 docuit
976 3335 1061 3420 quid
1079 3338 1199 3421 populi
1218 3336 1289 3402 Re-

223 3452 316 3512 meni
333 3445 511 3528 disciplina
528 3455 632 3528 atque
649 3449 734 3529 opes
750 3454 903 3528 possent.

379 3615 499 3672 Several
507 3616 543 3687 ff
556 3614 605 3669 the
616 3614 815 3670 northeastern
830 3615 925 3671 Gallic
935 3615 1023 3672 tribes
1033 3618 1132 3672 revolt.

291 3744 483 3811 Interiecto
504 3742 760 3822 Indutiomaro,
780 3753 820 3809 ut
840 3743 1033 3824 docuimus,
1053 3746 1097 3811 ad
1116 3745 1189 3814 eius
1208 3757 1327 3832 pro-2

221 3854 371 3940 pinques
393 3859 413 3920 zi
436 3852 595 3918 Treveris
619 3851 802 3936 imperium
826 3852 989 3919 defertur.
1041 3852 1094 3919 Illi
1118 3853 1286 3920 finitimos

224 3961 418 4030 Germends
441 3961 625 4028 sollicitere
646 3973 681 4027 et
697 3959 889 4046 'pecuniam
911 3960 1066 4046 polliceri
1088 3969 1159 4029 nen
1183 3963 1288 4029 desis·
1306 3997 1354 4034 20·

1046 4078 1090 4127 141
