3048 4444
259 319 318 384 160
637 323 751 376 BELLI
778 321 936 377 GALLICI

255 500 437 584 explerete
452 507 489 568 re
505 503 707 586 quaestione
724 503 952 588 captivbrum,
970 509 998 568 si
1014 508 1074 588 qui
1089 501 1133 568 ad
1150 509 1209 568 ebs
1226 500 1320 567 Ebu-

256 615 358 674 rones
378 631 421 675 ex
440 609 525 696 fuga
543 612 797 690 convenissent,
816 612 859 678 ad
879 617 916 679 se
934 622 973 676 ut
992 611 1239 677 redimerentur
1258 611 1320 674 im-

255 718 402 803 perevit;
423 725 451 784 si
471 719 518 785 ita
537 720 707 799 iecissent,
727 721 814 786 fines
834 726 956 786 eorum
976 726 1013 787 se
1031 719 1242 786 violaturum
1262 739 1321 784 ne-

255 827 361 912 gevit.

223 962 236 1011 5
324 936 416 1003 Tum
439 939 547 1024 copiis
570 939 604 1003 in
628 945 697 1004 tres
721 945 835 1024 partes
858 937 1049 1004 distributis
1073 937 1321 1023 impedimenta

254 1048 412 1113 omnium
445 1050 622 1134 legibnum
654 1049 866 1115 Atuatucam
899 1047 1056 1113 contulit.
1118 1047 1159 1112 Id
1191 1047 1320 1113 castelli

254 1163 381 1222 nemen
401 1168 461 1222 est.
505 1157 586 1222 Hec
604 1157 674 1224 iere
692 1168 743 1223 est
761 1157 795 1222 in
814 1157 936 1224 mediis
955 1157 1162 1223 Eburonum
1180 1157 1317 1235 finibus

254 1265 311 1331 ubi
328 1266 482 1331 Titurius
497 1276 602 1350 atque
617 1267 874 1332 Aurunculeius
891 1266 1065 1332 hiemandi
1081 1272 1184 1331 causa
1200 1271 1320 1331 conse-

253 1376 384 1441 derant.
435 1374 541 1440 Hunc
555 1397 635 1441 cum
649 1377 788 1461 reliquis
801 1378 904 1442 rebus
918 1378 1034 1442 locurn
1048 1376 1229 1461 probebat,
1244 1387 1319 1441 tum

205 1513 237 1548 ιο
253 1485 347 1568 quod
364 1484 550 1568 superieris
566 1491 648 1550 anni
664 1486 875 1552 munitiones
892 1486 1047 1572 integrae
1065 1487 1262 1562 manebant,
1283 1496 1319 1550 ut

254 1594 401 1658 militum
427 1593 580 1659 laberem
604 1594 809 1661 subleveret.
860 1596 1036 1662 Praesidio
1061 1595 1318 1679 impedimentis

253 1702 427 1787 legionem
446 1723 536 1768 xnn
555 1705 703 1789 reliquit,
720 1711 825 1770 imam
842 1727 886 1770 ex
903 1707 955 1770 his
973 1705 1082 1771 tribus
1099 1711 1185 1790 ques
1202 1705 1319 1789 proxi-

252 1819 309 1878 me
333 1819 547 1899 cbnscriptes
571 1836 614 1880 ex
641 1798 739 1880 italia
763 1815 975 1880 tredfixerat.
1025 1815 1068 1879 Ei
1093 1814 1223 1900 legioni
1247 1836 1319 1880 cas-

252 1929 382 2007 trisque
410 1923 454 2007 Q.
481 1923 634 1988 Tullium
661 1922 866 1989 Ciceronem
891 1922 1054 2007 praefecit
1079 1922 1319 2008 ducentesque

121 2044 124 2052 '
204 2054 232 2103 15
253 2033 386 2116 equites
402 2038 433 2098 ei
450 2032 616 2099 attribuit.

324 2235 473 2308 Dmrtittzg
483 2234 532 2289 his
540 2237 647 2307 forces,
662 2234 698 2289 he
708 2240 854 2292 continues
864 2239 914 2292 the
924 2236 1000 2292 hunt
1008 2239 1066 2310 sor
1077 2237 1240 2292 Ambiorix.

192 2380 235 2445 33
323 2371 455 2435 Partito
470 2369 625 2435 exercitu
639 2370 678 2435 T.
696 2371 888 2436 Labienum
903 2392 984 2435 cum
997 2370 1194 2456 legionibus
1208 2369 1318 2434 tribus

252 2480 293 2543 ad
314 2465 496 2545 Oceanum
514 2502 633 2547 versus
651 2480 684 2545 in
703 2487 759 2545 eas
776 2486 889 2562 partes
907 2500 995 2563 quae
1014 2479 1198 2570 Menapios
1217 2477 1319 2543 attin-

253 2599 352 2672 gunt,
376 2589 548 2673 proficisci
572 2582 681 2667 iubet;
706 2587 744 2654 C.
768 2587 983 2653 Trebenium
1008 2609 1088 2653 cum
1112 2595 1185 2672 pari
1208 2587 1316 2673 legii)-

251 2721 335 2764 num
353 2706 499 2765 numere
514 2699 558 2765 ad
575 2720 651 2765 eam
669 2699 860 2782 regionem,
878 2719 966 2781 quae
983 2697 1168 2763 Atuatucis
1185 2696 1318 2764 adiacet

202 2826 233 2863 20
252 2808 532 2891 depopulandam
554 2807 675 2885 mittit;
698 2807 770 2890 ipse
792 2827 871 2870 cum
893 2806 1032 2890 reliquis
1054 2825 1101 2871 111
1122 2807 1164 2873 ad
1188 2806 1318 2872 flumen

251 2916 411 2995 Scaldim,
430 2917 525 3001 quod
542 2916 654 2981 influit
674 2915 708 2979 in
727 2915 877 2992 Mosam,
896 2921 1140 3000 extremasque
1157 2917 1318 2982 Arduen-

250 3049 313 3093 nae
329 3033 442 3112 partes
457 3033 505 3091 ire
522 3023 713 3100 constitnit,
731 3029 801 3106 quo
819 3044 899 3088 curn
915 3030 1033 3107 paucis
1049 3023 1222 3109 equitibus
1238 3047 1318 3109 pro-

250 3136 379 3202 iectum
391 3135 635 3219 Ambiorigem
649 3132 819 3199 audiebat.
857 3133 1048 3200 Discedens
1062 3145 1141 3219 post
1155 3134 1246 3200 diem
1259 3154 1315 3200 vn

252 3253 325 3312 sese
348 3252 566 3312 reversurum
591 3243 785 3320 cbnfirmat,
809 3264 914 3326 quam
938 3243 979 3308 ad
1004 3243 1097 3308 diem
1121 3250 1152 3309 ei
1175 3243 1317 3328 legieni,

201 3374 231 3424 ²5
251 3355 386 3439 quaein
402 3352 574 3438 praesidio
589 3352 856 3435 relinquebatur,
872 3351 1085 3417 [rumentum
1101 3353 1219 3418 deberi
1234 3353 1319 3419 scie-

251 3465 319 3529 bat.
371 3461 565 3528 Labienum
591 3460 874 3544 Treboniumque
900 3461 1070 3539 hortatur,
1098 3469 1126 3528 si
1154 3461 1203 3529 rei
1229 3462 1319 3548 pirb-

252 3573 335 3638 licac
374 3571 562 3638 commodi)
601 3570 712 3635 facere
751 3569 895 3654 possint,
934 3571 977 3636 ad
1018 3593 1093 3637 eam
1132 3572 1224 3640 diem
1264 3594 1318 3638 re-

249 3692 440 3759 venantum
470 3691 518 3755 ut,
548 3686 664 3745 rursus
692 3678 952 3745 communicate
982 3683 1126 3747 censilie
1156 3683 1318 3768 explere-

249 3795 361 3872 tisque
389 3787 543 3853 hostium
571 3785 772 3865 rationibus,
799 3786 891 3851 aliud
919 3785 1055 3852 initium
1084 3788 1164 3854 belli
1193 3809 1321 3874 capere

192 3923 224 3970 30
249 3897 393 3982 possint.
1297 3895 1302 3904 '
