3000 4456
512 351 629 405 LIBER
657 354 676 405 l.
704 353 788 406 CAP.
813 351 926 421 48—50.
1215 368 1254 434 37

183 530 271 617 quid
288 541 361 598 erat
379 530 509 609 durius,
527 530 781 597 concurrebant
790 552 798 609 ;
816 537 919 616 siqui
936 530 1096 616 graviore
1114 531 1255 596 vulnere

183 646 334 725 accepto
359 646 450 725 equo
475 639 662 718 deciderat,
689 639 990 706 circumsistebant
999 661 1007 719 ;
1032 646 1060 705 si
1084 646 1155 724 quo
1179 650 1253 705 erat

184 749 328 835 longius
354 749 598 833 prodeundum
624 760 685 815 aut
712 749 856 815 celerius
881 749 1127 834 recipiendum,
1157 759 1255 815 tanta

184 868 261 923 erat
286 857 412 923 horum
435 857 689 923 exercitatione
712 858 880 937 celeritas
906 869 945 924 ut
970 858 1059 924 iubis
1083 859 1254 925 sublevati

183 972 358 1051 equorum
375 987 515 1032 cursum
532 967 777 1052 adaequarent.
1273 991 1286 1040 5

528 1173 634 1228 Caesar
651 1190 743 1228 moves
759 1172 808 1228 his
824 1178 917 1244 camp.

258 1309 328 1376 Ubi
346 1332 427 1377 eum
444 1317 564 1376 castris
582 1317 618 1377 se
635 1317 752 1376 tenere
771 1310 897 1378 Caesar
913 1311 1098 1391 intellexit,
1117 1319 1161 1378 ne
1179 1311 1253 1378 diu·
1270 1309 1313 1378 49

185 1419 258 1485 tius
277 1424 478 1485 commeatu
497 1418 751 1504 prohiberetur,
771 1420 864 1486 ultra
882 1442 962 1486 eum
982 1422 1108 1500 locum,
1129 1421 1254 1507 quoin

186 1529 268 1594 loeo
293 1527 458 1593 Germani
480 1529 722 1607 consederant,
747 1526 884 1595 circiter
907 1536 1029 1614 passus
1053 1551 1100 1596 Dc
1124 1530 1166 1596 ab
1192 1531 1253 1609 his,

183 1644 306 1703 castris
322 1637 488 1703 idoneum
505 1638 622 1702 locum
638 1637 768 1723 delegit
784 1638 927 1723 acieque
944 1639 1069 1724 triplici
1086 1646 1256 1707 instructa

185 1747 230 1812 ad
244 1767 325 1811 eum
338 1747 454 1811 locum
468 1745 574 1811 venit.
614 1746 767 1812 Primam
780 1757 815 1813 et
830 1749 1018 1813 secundam
1032 1748 1141 1815 aciem
1154 1749 1188 1814 in
1203 1771 1254 1815 ar·
1273 1776 1305 1814 ιο

185 1862 251 1920 mls
275 1877 360 1932 esse,
385 1855 522 1921 tertiam
545 1868 656 1921 castra
680 1862 815 1922 mumrc
838 1856 946 1923 iussit.
997 1858 1067 1925 Hic
1091 1860 1188 1925 locus
1211 1860 1254 1926 ab

186 1965 291 2031 hoste
304 1963 440 2030 circiter
453 1970 574 2049 passus
588 1984 645 2044 nc,
660 1971 711 2031 uti
724 1964 859 2031 dictum
873 1977 936 2045 est,
952 1967 1082 2033 aberat.
1124 1968 1177 2033 Εό
1192 1967 1256 2034 cir-

186 2073 275 2140 citer
292 2071 475 2139 hominum
497 2093 562 2138 xvi
583 2074 676 2139 mllia
694 2075 861 2159 expedita
879 2097 959 2140 cum
978 2083 1075 2141 omni
1095 2077 1255 2162 equitatu

186 2181 389 2248 Ariovistus
407 2182 510 2262 misit,
531 2205 619 2268 quae
638 2183 758 2269 copiae
777 2191 919 2250 nostros
937 2192 1105 2252 terrerent
1124 2198 1159 2253 et
1180 2193 1255 2253 mu-

185 2292 322 2358 nItibne
352 2292 587 2378 prohiberent.
644 2294 763 2361 Nihilo
794 2295 902 2361 setius
934 2294 1070 2376 Caesar,
1101 2307 1141 2362 ut
1173 2307 1303 2376 ante15

185 2401 430 2480 constituerat,
463 2402 549 2469 duas
580 2403 670 2470 acies
701 2404 838 2470 hostem
870 2407 1081 2490 propulsare,
1114 2407 1254 2473 tertiam

186 2533 277 2596 opus
294 2511 457 2597 perficere
474 2511 584 2577 iussit.
627 2514 776 2579 Munitis
794 2521 915 2580 castris
933 2515 1019 2581 duas
1036 2515 1081 2580 ibi
1100 2516 1256 2602 legiones

187 2624 326 2711 reliquit
343 2637 378 2693 et
396 2637 529 2712 partem
544 2626 765 2708 auxiliorum,
783 2639 954 2713 quattuor
969 2627 1117 2715 reliquas
1133 2628 1167 2694 in
1184 2650 1255 2696 cas-

188 2747 242 2803 tra
257 2735 388 2803 maiora
403 2738 553 2804 reduxit.

238 2943 445 3015 Skirmtsht'ng.
489 2945 516 2998 T
512 2944 548 2998 he
567 2945 708 2999 Germans
725 2945 882 3018 unwillt'rtg
900 2951 929 3000 to
938 2945 1020 3018 fight
1036 2945 1131 3017 before
1148 2943 1196 2999 the

629 3035 700 3106 full
714 3051 803 3089 moon.

256 3164 424 3231 Proximo
439 3165 494 3231 die
508 3166 669 3232 instituto
685 3173 748 3233 suo
764 3166 890 3233 Caesar
905 3189 948 3233 ex
964 3173 1083 3233 castris
1098 3172 1253 3250 utrisque
1270 3179 1313 3248 5ο

182 3272 302 3356 copias
318 3280 397 3338 suas
413 3274 546 3352 eduxit,
564 3276 776 3360 paulumque
793 3283 813 3342 a
830 3276 1019 3342 maioribus
1037 3282 1157 3341 castris
1174 3281 1252 3360 prb-

183 3401 323 3465 gressus
339 3381 448 3449 aciem
465 3383 631 3449 instruxit
650 3383 881 3469 hostibusque
898 3385 1079 3470 pugnandi
1097 3391 1253 3469 potesta-

187 3499 261 3555 tem
281 3489 373 3556 fecit.
417 3490 488 3558 Ubi
508 3498 552 3557 ne
573 3502 649 3558 tum
669 3493 809 3578 quidem
830 3500 890 3560 eos
910 3494 1049 3578 prodlre
1069 3493 1253 3572 intellexit,

187 3597 325 3664 circiter
341 3600 484 3666 meridie
501 3601 692 3667 exercitum
710 3601 745 3667 in
762 3612 876 3668 castra
894 3602 1045 3668 reduxit.
1087 3601 1179 3669 Tum
1197 3603 1255 3669 de·

187 3728 285 3774 mum
303 3707 503 3776 Ariovistus
521 3721 657 3795 partem
676 3717 816 3777 suarum
835 3710 1015 3796 copiarum
1035 3733 1122 3796 quae
1142 3722 1255 3777 castra
1272 3731 1302 3779 ²⁵

188 3815 323 3882 minora
341 3824 562 3904 oppugnaret
582 3818 687 3885 misit.
730 3808 869 3886 Acriter
887 3820 1064 3906 utrimque
1083 3827 1192 3906 usque
1212 3820 1255 3886 ad

188 3946 371 4024 vesperum
402 3932 599 4026 pugnatum
629 3937 691 4004 est,
747 3927 838 4008 Solis
869 3935 995 4007 occasu
1027 3936 1106 3995 suas
1137 3929 1255 4026 copias
