3044 4442
607 1073 740 1131 LIBER
768 1071 980 1147 QUINTUS.

257 1261 403 1312 secono
436 1261 617 1309 rnvnsmu
652 1262 700 1308 or
733 1261 1124 1312 offirmo—Fusciano
1158 1265 1323 1314 Revoms

538 1355 586 1402 os
612 1354 687 1400 THE
714 1353 843 1413 onum,
872 1355 903 1401 Β.
919 1355 962 1414 c.‚
987 1354 1025 1403 54-

258 1509 365 1564 Caesar
375 1507 475 1562 orders
487 1524 505 1561 a
517 1508 588 1577 steet
599 1507 673 1560 otet'lt
681 1508 740 1578 sor
751 1524 770 1561 a
782 1508 884 1562 second
899 1509 1061 1580 expedition
1081 1515 1110 1564 to
1121 1509 1252 1571 Britain,
1265 1511 1327 1564 and

533 1597 626 1665 qm'ets
637 1595 832 1650 disturbances
843 1599 875 1649 in
888 1597 1046 1667 Illyricum.

221 1746 237 1796 1
327 1726 366 1791 L.
394 1725 554 1792 Domitio
576 1726 644 1810 Ap.
670 1725 816 1792 Claudio
840 1725 1050 1804 consulibus,
1075 1725 1256 1792 discodons
1278 1725 1321 1790 ab

257 1836 409 1902 hibernis
435 1835 562 1902 Caesar
587 1835 622 1899 in
650 1814 796 1912 italiam,
824 1845 860 1900 ut
889 1841 1075 1918 quotannis
1100 1834 1212 1900 facere
1239 1841 1321 1901 con-

255 1950 381 2022 suorat‚
402 1944 526 2029 legetis
546 1943 693 2028 imperat
715 1949 803 2026 quos
823 1943 1019 2027 legionibus
1040 1942 1249 2027 praefocerat
1271 1949 1321 2009 uti

255 2073 360 2137 quarn
380 2053 545 2138 plorimos
566 2052 699 2137 possint
720 2051 833 2117 hieme
855 2059 959 2118 noves
980 2052 1208 2119 aedificandos
1228 2062 1321 2118 vete·

223 2195 237 2244 5
255 2168 378 2246 rosque
397 2162 598 2228 reficiendos
616 2171 747 2227 curent.
791 2161 922 2227 Eorum
940 2161 1085 2227 modum
1104 2160 1321 2245 formamque

254 2272 481 2339 domonstrat.
521 2272 579 2337 nd
595 2270 810 2338 celeritotem
826 2272 992 2335 onerandi
1016 2270 1324 2355 subductionisque

255 2383 358 2467 paulo
377 2382 457 2449 iacit
475 2381 687 2460 humiliores,
707 2401 811 2464 quarn
829 2379 956 2464 quibus
973 2379 1008 2445 in
1026 2386 1147 2445 nostro
1165 2385 1251 2445 mari
1270 2385 1321 2445 oti

255 2492 510 2570 consuovimuS,
529 2501 632 2575 atque
651 2490 685 2556 id
705 2497 747 2556 eo
766 2489 889 2575 magis,
909 2489 1003 2573 quod
1022 2498 1165 2574 propter
1184 2489 1321 2556 crebros

254 2602 548 2668 commototionos
564 2611 723 2667 aestuum
742 2599 856 2665 minus
873 2604 1021 2684 mignos
1039 2597 1086 2664 ibi
1104 2597 1230 2663 fluctos
1248 2598 1321 2664 fieri

208 2740 239 2777 ιο
255 2717 483 2796 cognoverat;
513 2710 556 2777 ad
587 2731 693 2776 onera
722 2715 762 2774 oc
793 2707 1052 2774 multitudinem
1084 2706 1321 2774 iomentorum

255 2820 558 2905 transportandam
576 2819 680 2904 paulo
700 2818 838 2884 lotioros
857 2838 962 2902 quarn
982 2816 1107 2900 quibus
1126 2815 1161 2880 in
1181 2815 1320 2899 reliquis

256 2927 387 2994 otimur
410 2928 571 2994 maribus.
623 2928 699 2993 Hos
722 2933 845 2993 omnos
869 2925 1040 2992 octuorios
1064 2925 1209 3007 imperat
1234 2922 1318 3000 fieri,

254 3035 504 3120 quamodrem
521 3036 669 3101 multum
685 3035 862 3102 humilitos
878 3034 1027 3100 adiuvat.
1068 3034 1119 3098 Ea
1136 3053 1223 3116 quae
1239 3042 1319 3098 sunt

254 3151 332 3210 osui
347 3145 389 3211 ad
406 3143 587 3211 armandos
603 3151 709 3211 novos
725 3167 770 3211 ex
788 3143 960 3228 Hisponio
975 3143 1151 3229 adportori
1167 3142 1272 3208 iubet.

207 3284 235 3334 15
324 3253 403 3337 Ipse
419 3253 648 3319 conventibus
666 3253 795 3320 Galliae
810 3253 979 3320 citerioris
995 3258 1142 3337 peroctis
1158 3251 1193 3317 in
1211 3236 1320 3336 illyri·

256 3384 336 3429 curn
364 3361 603 3447 proficiscitur,
630 3363 725 3447 quod
753 3369 773 3429 o
801 3363 947 3428 Pirostis
974 3362 1157 3428 finitimam
1185 3370 1320 3446 partem

253 3471 451 3557 provinciae
481 3472 736 3538 incursionibus
768 3478 894 3537 vostori
925 3471 1096 3537 audiobat.
1153 3471 1208 3537 Eo
1240 3491 1319 3536 cum

252 3582 412 3660 vomisset,
426 3581 623 3648 civitotibus
637 3581 762 3646 militos
776 3580 920 3664 imperat
936 3591 1139 3664 certumque
1153 3579 1188 3645 in
1203 3581 1320 3646 locum

253 3699 439 3759 convenire
459 3691 564 3757 iubet.
610 3689 691 3774 Quo
710 3695 747 3755 ro
767 3689 925 3755 nontioto
945 3690 1102 3756 Pirustae
1122 3689 1257 3775 logotos
1276 3689 1319 3755 ad

204 3830 237 3868 ιο
255 3823 335 3868 eum
358 3802 512 3877 mittunt,
536 3804 596 3885 qui
618 3800 766 3864 doceant
791 3797 873 3863 nihil
897 3805 1016 3864 eorum
1041 3805 1156 3865 rorum
1180 3799 1319 3884 poblico

253 3911 382 3977 facturn
401 3908 557 3985 consilio,
575 3913 719 3991 sosoque
738 3913 877 3991 parotos
894 3929 968 3975 esse
987 3909 1227 3975 demonstrent
1246 3929 1320 3975 om-

447 4024 494 4072 104
