3048 4444
505 391 963 460 MffiRvstcffltwas
1210 397 1267 476 ffl3

200 568 258 633 diu
280 569 365 653 lapis
386 580 421 634 et
441 569 483 634 ab
504 569 610 635 ariete
631 569 774 636 materia
795 570 959 648 defendit,
981 591 1069 655 quae
1091 577 1266 655 perpetuis

200 677 354 743 trabibus
372 678 502 762 pedum
521 677 785 764 quadragenum
805 679 1009 763 plerumque
1028 679 1197 745 intrursus
1216 700 1267 747 re·

200 785 315 852 vincta
335 807 448 870 neque
469 793 646 871 perrumpi
667 808 780 871 neque
800 787 943 853 distrahi
963 797 1089 872 potest.

548 957 914 1028 Ammbmfflm

268 1066 336 1132 His
356 1077 409 1132 tot
430 1068 532 1133 rebus
552 1067 720 1152 impedita
740 1069 1004 1156 oppugnatione
1025 1069 1161 1148 milites,
1184 1091 1264 1136 cum
1281 1084 1323 1153 24

197 1181 275 1241 tutu
293 1186 452 1260 tempore
472 1176 601 1262 frigore
620 1187 656 1243 et
674 1176 827 1242 adsiduis
846 1177 1015 1243 imbribus
1034 1178 1263 1256 tardarentur,
1284 1201 1297 1250 5

199 1295 314 1350 tamen
339 1286 532 1352 continenti
555 1286 672 1353 labrire
697 1285 815 1351 omnia
837 1286 921 1352 haec
945 1293 1206 1370 superaverunt,
1230 1298 1264 1354 et

197 1392 319 1459 diebus
335 1413 413 1460 xxv
428 1415 595 1480 aggerem
612 1396 720 1461 latum
738 1395 843 1480 pedes
859 1415 1018 1474 cccxxx,
1034 1398 1143 1462 altum
1160 1397 1265 1481 pedes

199 1521 302 1566 Lxxx
329 1508 589 1569 exstruxerunt.
639 1503 730 1571 Cum
755 1505 783 1569 is
809 1509 949 1569 murum
975 1505 1128 1569 hostium
1155 1527 1264 1590 paene

198 1611 417 1696 contingeret
443 1622 476 1678 et
503 1612 629 1679 Caesar
652 1614 695 1679 ad
721 1634 810 1697 opus
835 1614 1088 1679 cunsuetudine
1113 1614 1263 1680 excuba-

197 1732 248 1786 ret
271 1721 464 1806 militesque
487 1724 685 1788 hortaretur
707 1729 751 1788 ne
773 1724 868 1807 quod
891 1729 1036 1789 omnine
1059 1734 1197 1807 tempus
1220 1724 1262 1788 ab
1282 1751 1313 1786 ιο

196 1851 301 1913 opere
324 1830 620 1908 intermitteretur,
645 1833 748 1915 paulu
771 1842 851 1897 ante
873 1831 1011 1897 tertiam
1035 1831 1187 1916 vigiliam
1211 1843 1263 1898 est

195 1940 474 2006 animadversum
493 1939 625 2006 fumare
643 1961 821 2026 aggerem,
840 1961 945 2025 quem
964 1941 1125 2006 cunicula
1145 1941 1264 2006 hostes

195 2048 459 2128 succenderant;
481 2049 675 2134 eademque
696 2061 865 2134 tempore,
887 2056 965 2116 tutu
987 2055 1089 2115 muru
1111 2049 1262 2115 clamare

194 2159 331 2224 sublata
346 2159 482 2224 duabus
496 2164 605 2243 portis
620 2159 663 2224 ab
679 2165 828 2243 utruque
842 2160 947 2225 latere
961 2159 1108 2224 turrium
1124 2159 1262 2243 eruptiu

195 2267 308 2333 tiebat.
354 2267 424 2332 Alii
445 2268 536 2333 faces
556 2277 661 2353 atque
682 2268 813 2334 aridam
836 2269 1015 2334 materiam
1037 2269 1081 2335 de
1101 2275 1203 2335 muru
1226 2269 1260 2335 in
1280 2298 1309 2347 ις

194 2397 361 2461 aggerem
380 2377 516 2442 eminus
536 2376 720 2456 iaciebant;
741 2377 854 2461 picem
874 2377 1092 2462 reliquasque
1112 2385 1166 2444 res
1186 2379 1261 2463 qui·
1314 2389 1316 2394 “

196 2486 260 2550 bus
282 2485 374 2570 ignis
398 2485 543 2552 excitari
567 2496 683 2569 potest
707 2486 913 2566 fundebant3
938 2498 986 2565 ut,
1003 2494 1084 2571 -quu
1110 2495 1261 2572 primum

194 2600 434 2660 occurreretur
447 2605 507 2659 aut
521 2594 576 2660 cui
591 2601 639 2660 rei
653 2595 799 2660 ferretur
811 2595 991 2674 auxilium,
1006 2597 1066 2662 vix
1081 2597 1169 2663 ratio
1183 2598 1261 2663 iniri

193 2714 321 2787 posset.
370 2703 514 2782 Tamen,
536 2705 631 2788 quod
652 2705 814 2770 instituta
837 2705 992 2772 Caesaris
1014 2706 1102 2772 duae
1125 2729 1261 2792 semper

194 2812 349 2897 legiones
364 2820 427 2897 pru
442 2820 562 2878 castris
577 2815 808 2892 excubabant,
824 2815 1009 2900 pluresque
1025 2824 1159 2900 partitis
1174 2829 1260 2884 tem·
1278 2842 1317 2878 πο-

194 2921 337 3005 poribus
352 2933 449 2987 erant
465 2922 499 2987 in
515 2943 631 3006 opere,
648 2923 804 2989 celeriter
818 2922 948 2989 factum
966 2936 1016 2990 est
1035 2936 1072 2990 ut
1088 2927 1144 2991 alii
1159 2933 1260 3010 erup-

193 3028 346 3094 tiunibus
366 3031 574 3108 resisterent,
593 3031 649 3096 alii
668 3039 780 3098 turres
799 3033 1004 3100 reducerent
1023 3055 1260 3119 aggeremque

193 3137 490 3218 interscinderent,
508 3140 622 3206 omnis
640 3146 723 3207 veru
740 3163 784 3207 ex
803 3149 922 3208 castris
939 3143 1128 3209 multitude
1146 3145 1189 3209 ad
1206 3164 1258 3209 re-

193 3246 443 3332 stinguendum
465 3260 696 3316 concurreret.

531 3420 913 3495 mmmmme

262 3533 352 3602 Cum
368 3535 403 3601 in
418 3537 581 3603 omnibus
596 3540 691 3616 locis,
708 3545 917 3624 cunsumpta
931 3539 999 3605 iam
1015 3540 1147 3627 reliqua
1162 3553 1258 3627 parte
1275 3555 1318 3626 25

192 3643 315 3720 noctiS,
340 3650 556 3729 pugnaretur
579 3667 784 3731 semperque
808 3648 967 3714 hostibus
991 3656 1069 3734 spes
1093 3651 1257 3718 victuriae

192 3752 498 3838 redintegraretur,
513 3762 555 3821 eo
569 3756 680 3840 magis
693 3757 788 3840 quod
802 3757 945 3824 deustus
960 3760 1096 3844 pluteus
1112 3761 1259 3827 turrium

191 3862 367 3941 videbant,
389 3886 453 3929 nec
474 3864 571 3930 facile
591 3865 684 3931 adire
705 3873 843 3950 apertus
863 3867 907 3932 ad
928 3867 1165 3936 auxiliandum
1188 3871 1258 3938 ani-

190 3971 465 4050 madvertebant,
487 3993 691 4057 semperque
714 3973 778 4058 ipsi
799 3983 954 4043 recentes
976 3977 1117 4045 defessis
1140 3985 1256 4046 succe-

353 4074 386 4129 w
