3044 4442
640 347 753 399 BELLl
780 346 938 400 GALLlCl

533 590 657 644 Sabutus
668 591 744 643 τοίω
755 605 774 643 a
787 588 909 642 decr'st've
919 592 1036 661 victory.

193 724 233 789 19
324 704 441 770 Locus
467 715 540 772 erat
565 710 759 771 castrdrum
785 703 899 770 editus
923 715 959 772 et
983 707 1149 791 paulatim
1175 707 1218 773 ab
1243 713 1317 772 imd

252 813 389 879 acclivis
409 813 545 879 circiter
563 820 683 898 passus
704 815 806 880 mille.
852 814 936 882 Hire
956 820 1088 900 magni)
1109 821 1212 881 cursu
1233 837 1316 881 con·

252 923 448 1000 tenderunt,
471 933 636 1008 utquam
658 923 841 988 minimum
864 929 953 1008 spati
975 924 1018 990 ad
1040 930 1077 990 se
1099 924 1315 1010 colligendds

250 1033 504 1117 armanddsque
544 1031 713 1098 Rdma'mis
751 1032 901 1110 daretur,
942 1033 1199 1117 exanimatique
1240 1054 1315 1119 per-

216 1166 229 1218 5
249 1148 428 1208 venerunt.
479 1141 627 1208 Sabinus
650 1147 731 1207 subs
753 1141 912 1207 hortatus
934 1140 1154 1226 cupientibus
1176 1148 1315 1228 sIgnum

249 1251 316 1317 dat.
355 1250 536 1336 Impeditis
549 1251 708 1316 hostibus
721 1262 864 1336 propter
875 1271 915 1318 ea
927 1271 1015 1335 quae
1029 1251 1184 1318 ferebant
1197 1273 1314 1331 onera,

248 1359 366 1428 subiti>
385 1359 520 1426 duabus
541 1367 654 1446 portis
673 1360 894 1444 eruptidnem
914 1359 987 1426 fieri
1007 1360 1114 1426 iubet.
1165 1361 1314 1428 Factum

247 1481 299 1536 est
319 1469 590 1554 opportunitate
609 1470 686 1549 loci,
708 1469 863 1535 hostium
882 1469 1065 1536 inscientia
1083 1477 1124 1537 ac
1144 1470 1313 1556 defatiga-

250 1581 355 1658 tidne,
378 1581 504 1647 virtute
527 1581 677 1647 mllitum
699 1590 732 1646 et
754 1580 973 1664 superidrum
996 1587 1194 1667 pugnarum
1215 1603 1313 1648 exer-

200 1713 230 1749 10
250 1690 425 1769 citatidne,
450 1701 487 1756 ut
510 1697 554 1756 ne
578 1697 729 1775 primum
754 1689 895 1774 quidem
918 1696 1120 1757 nostrdrum
1144 1691 1313 1776 impetum
1344 1751 1348 1754 .

248 1801 375 1867 ferrent
388 1807 429 1867 ac
443 1801 561 1866 statim
574 1811 675 1887 terga
687 1810 871 1866 verterent.
912 1800 1014 1885 Quds
1028 1800 1172 1886 integris
1184 1801 1314 1867 viribus

248 1911 373 1976 milites
392 1916 502 1976 nostri
521 1915 701 1976 cdnsectiti
721 1915 890 1994 magnum
910 1930 1095 1975 numerum
1115 1916 1237 1974 ebrum
1257 1932 1314 1976 oc-

250 2021 421 2098 ciderunt;
450 2019 601 2104 reliquds
629 2018 763 2104 equites
792 2024 984 2083 cdnsecta'tti
1011 2023 1151 2103 paucds,
1180 2023 1240 2101 qui
1268 2040 1313 2083 ex

247 2130 330 2215 fuga
346 2135 536 2206 evaserant,
555 2128 777 2211 reliquerunt.

199 2262 227 2312 ιε
318 2240 374 2306 Sic
392 2245 463 2305 [md
482 2249 640 2322 tempore
660 2247 694 2303 et
713 2236 757 2302 de
776 2236 890 2302 navali
909 2240 1029 2321 pugna
1049 2233 1197 2302 Sabinus
1216 2245 1250 2302 et
1269 2233 1312 2301 de

250 2350 368 2416 Sabini
390 2347 535 2414 victbria
561 2346 687 2413 Caesar
711 2355 762 2411 est
787 2343 914 2411 certior
937 2344 1061 2424 lactus;
1086 2343 1312 2428 civitatesque

248 2465 369 2524 omnes
386 2463 423 2524 se
441 2457 557 2522 statim
575 2453 712 2521 Titurio
730 2454 949 2521 dediderunt.
994 2455 1086 2520 Nam
1105 2465 1144 2521 ut
1163 2455 1205 2521 ad
1224 2455 1313 2520 bella

248 2565 465 2651 suscipienda
487 2565 666 2631 Galldrum
690 2565 801 2631 alacer
823 2571 862 2630 ac
885 2571 1070 2649 prdmptus
1092 2574 1144 2632 est
1166 2564 1312 2641 animus,

248 2683 295 2741 sic
317 2674 430 2739 mollis
450 2679 490 2739 ac
511 2673 655 2739 minime
675 2673 837 2739 resistens
857 2673 901 2739 ad
922 2673 1134 2739 calamitates
1156 2672 1313 2738 ferendas

196 2813 229 2849 ιο
247 2791 344 2850 mens
363 2788 485 2848 edrum
505 2792 569 2848 est.

352 2940 472 2992 Crassus
477 2955 547 3010 goes
559 2944 587 2993 to
598 2939 773 3008 Aquitanas.
817 2938 877 2992 The
887 2936 1012 2992 Sottbtes
1023 2935 1124 2991 attach
1134 2934 1205 2992 him.

186 3071 229 3123 20
320 3055 456 3122 Eddem
482 3054 552 3121 lere
575 3067 733 3139 tempore
758 3054 796 3120 P.
824 3053 978 3132 Crassus,
1004 3074 1084 3118 cum
1108 3052 1143 3117 in
1167 3051 1313 3137 Aquita-

248 3166 340 3231 niam
360 3165 582 3251 pervenisset,
602 3185 690 3250 quae
716 3163 845 3249 [pars]‚
865 3175 902 3229 ut
922 3161 1153 3229 antedictum
1173 3170 1235 3238 est,
1262 3160 1314 3244 [et

200 3255 207 3260 ’
247 3275 431 3360 regidnum
445 3274 627 3341 latitudine
640 3285 675 3340 et
689 3271 912 3338 multitidine
926 3269 1127 3355 hominum]
1147 3280 1199 3336 est
1213 3269 1314 3335 tertia

247 3405 325 3468 pars
343 3382 473 3449 Galliae
496 3378 759 3466 [aestimanda],
778 3401 859 3447 cum
875 3378 1092 3463 intellegeret
1111 3377 1145 3442 in
1163 3382 1212 3442 eis
1228 3375 1314 3442 locis

196 3517 227 3568 ις
247 3493 312 3560 sibi
324 3493 454 3561 bellum
467 3490 671 3578 gerendum,
686 3489 745 3557 ubi
759 3497 877 3577 paucis
892 3499 973 3556 ante
987 3493 1085 3554 annis
1100 3485 1139 3551 L.
1154 3484 1313 3552 Valerius

251 3604 486 3670 Praect'minus
510 3603 648 3688 legatus
674 3600 829 3668 exercitu
857 3600 958 3685 pulsd
985 3595 1187 3663 interiectus
1212 3603 1312 3672 esset,

247 3723 352 3798 atque
367 3711 460 3778 unde
476 3711 515 3776 L.
534 3711 687 3777 Manlius
704 3708 891 3796 prdcdnsul
908 3706 1165 3791 impedimentis
1180 3701 1314 3770 amissis

250 3820 471 3907 prdiugisset‚
494 3829 564 3887 ndn
588 3821 801 3888 mediocrem
823 3816 888 3885 sibi
910 3815 1126 3903 diligentiam
1149 3812 1313 3880 adhiben-

250 3931 330 3996 dam
370 3931 602 4016 intellegebat.
666 3929 789 4012 Itaque
827 3933 864 3994 re
900 3924 1125 3994 frumentaria
1164 3926 1313 4008 prensa,
