3044 4442
647 357 760 411 BELLI
786 357 945 412 GALLICI

507 614 566 670 The
571 617 672 688 people
682 617 747 671 and
754 633 896 671 resourccs
907 617 944 688 ιγ’
951 618 1083 673 Britain.

204 756 244 809 12
331 742 529 809 Britanniae
547 765 625 829 pars
644 743 787 809 interior
805 745 849 808 ab
868 750 916 809 eis
936 743 1098 810 incolitur
1117 749 1206 828 quos
1225 750 1326 811 nitius

250 850 296 916 .in
327 853 439 918 insulis
470 851 544 936 ipsa
575 851 744 918 memoria
775 851 954 936 proditum
986 852 1121 931 dicunt;
1154 853 1326 918 maritima

260 980 338 1045 pars
365 961 409 1026 ab
435 966 484 1026 eis
512 967 572 1044 qui
599 960 746 1045 praedae
775 967 815 1027 ac
844 961 923 1027 belli
950 961 1120 1027 inferendi
1149 968 1251 1027 causa
1280 982 1325 1027 ex

262 1068 385 1155 Belgio
413 1069 762 1154 transierunt—qui
790 1076 912 1135 omnes
940 1069 1011 1136 lere
1037 1071 1148 1136 isdem
1177 1071 1324 1136 nomini-

258 1296 301 1356 eo
317 1295 549 1375 pervenerunt
560 1327 607 1337 -
619 1298 654 1354 et
670 1289 760 1355 bello
777 1289 884 1355 inlato
901 1288 947 1355 ibi
964 1296 1204 1356 remanserunt
1221 1301 1325 1374 atque

150 1411 154 1419 '
258 1407 362 1486 agros
382 1401 496 1467 colere
516 1408 716 1485 coeperunt.
763 1401 960 1468 Hominum
982 1413 1033 1467 est
1053 1401 1188 1468 infinita
1210 1402 1324 1467 multi-

258 1509 345 1577 tudo
372 1510 649 1595 creberrimaque
675 1510 829 1577 aedificia
857 1510 927 1577 fere
956 1509 1093 1577 Gallicis
1121 1511 1323 1589 consimilia,

259 1619 393 1704 pecoris
420 1625 770 1706 magnusnumerus.
832 1603 996 1686 Utuntur
1028 1621 1106 1704 [aut
1135 1621 1228 1705 aere]
1262 1631 1323 1686 aut

212 1757 243 1794 ro
260 1736 405 1795 nummo
422 1736 528 1796 aurei)
543 1740 605 1796 aut
624 1732 724 1797 taleis
741 1729 857 1796 ferreis
875 1731 918 1797 ad
935 1740 1071 1797 certum
1088 1731 1226 1816 pondus
1243 1738 1324 1798 exa·

259 1837 400 1906 minatis
417 1846 481 1924 pro
497 1845 653 1905 nummi).
1088 1839 1090 1844 ’

329 1949 493 2015 Nascitur
514 1949 561 2014 ibi
584 1950 766 2034 plumbum
789 1950 906 2015 album
930 1950 965 2014 in
989 1949 1249 2016 mediterraneis
1273 1971 1323 2016 re-

257 2059 432 2144 gionibus,
464 2059 499 2124 in
530 2059 710 2124 maritimis
741 2058 881 2137 ferrum,
914 2057 974 2125 sed
1006 2059 1080 2126 eius
1111 2059 1240 2146 exigua
1271 2071 1322 2126 est

257 2166 372 2254 copia3
390 2190 467 2235 aere
481 2175 629 2236 utuntur
642 2169 843 2253 importati).
877 2170 1026 2236 Materia
1040 2171 1207 2256 cuiusque
1220 2192 1323 2256 gene-

211 2306 239 2356 ις
260 2283 305 2347 ris
324 2292 361 2347 ut
380 2282 415 2346 in
436 2281 545 2349 Gallia
563 2295 613 2348 est
633 2294 768 2367 praeter
786 2282 906 2368 fagum
926 2293 1030 2366 atque
1050 2282 1208 2348 abietem.
1260 2283 1324 2347 Le-

258 2420 379 2482 porem
399 2412 432 2467 et
452 2402 613 2486 gallinam
633 2412 667 2467 et
685 2408 843 2468 {mserem
862 2407 1002 2487 gustare
1023 2399 1073 2466 lis
1092 2406 1163 2465 non
1184 2407 1322 2482 putant;

258 2509 343 2575 haec
371 2521 486 2577 tamen
515 2511 611 2577 alunt
639 2511 746 2578 animi
773 2511 1031 2596 voluptatisque
1061 2515 1172 2575 causa.
1228 2507 1323 2572 Loca

258 2630 338 2685 sunt
368 2619 613 2704 temperatiora
640 2642 745 2705 quam
773 2621 808 2686 in
837 2620 956 2697 Gallia,
986 2617 1238 2685 remissioribus
1266 2615 1322 2680 fri-

257 2729 411 2814 goribus

598 2832 766 2906 Geography
777 2834 814 2905 qs
820 2832 869 2887 the
879 2832 984 2887 island.

201 2973 240 3038 13
326 2943 445 3028 insula
466 2967 588 3028 naturai
610 2961 786 3045 triquetra,
809 2960 906 3027 cuius
927 2966 1037 3025 imum
1057 2960 1147 3025 latus
1168 2968 1218 3024 est
1240 2979 1322 3024 con-

258 3079 311 3139 tri
337 3072 492 3140 Galliam.
543 3070 659 3137 Huius
683 3070 797 3137 lateris
822 3071 907 3136 alter
932 3068 1092 3154 angulus,
1118 3074 1178 3152 qui
1202 3078 1253 3132 est
1279 3066 1321 3132 ad

257 3182 431 3259 Cantium,
452 3188 522 3266 quo
542 3180 612 3247 lere
632 3187 754 3246 omnes
774 3202 818 3246 ex
839 3179 948 3246 Gallia
968 3185 1073 3244 naves
1091 3177 1322 3261 adpelluntur,

255 3291 299 3357 ad
315 3291 486 3357 orientem
502 3290 622 3367 solem,
638 3289 781 3355 inferior
797 3289 840 3354 ad
857 3287 1037 3353 meridiem
1054 3296 1197 3371 spectat.
1241 3285 1322 3351 Ho‘c

256 3401 344 3467 latus
360 3411 455 3467 tenet
472 3399 607 3466 circiter
624 3398 717 3464 milia
734 3418 898 3482 passuum
917 3416 951 3462 o.

207 3528 238 3578 ²5
325 3511 484 3576 Alterum
514 3508 627 3594 vergit
658 3508 701 3573 ad
733 3506 940 3590 Hispaniam
970 3515 1074 3589 atque
1104 3504 1323 3586 occidentem

256 3621 380 3698 sirlem;
394 3625 463 3703 qua
477 3640 520 3684 ex
537 3628 633 3703 parte
648 3628 700 3683 est
716 3616 886 3682 Hibernia
900 3615 1021 3693 insula,
1037 3615 1182 3680 dimidio
1197 3615 1321 3690 minor,

256 3739 294 3795 ut
315 3728 543 3804 existimatur,
565 3747 669 3811 quam
693 3725 880 3800 Britannia,
902 3724 960 3790 sed
983 3730 1056 3808 pari
1078 3723 1191 3809 spatii>
1213 3729 1322 3790 trins-

255 3838 380 3904 missirs
409 3847 513 3920 atque
543 3857 587 3900 ex
618 3833 728 3901 Gallia
757 3844 808 3900 est
839 3834 872 3899 in
904 3833 1127 3899 Britanniam.
1183 3834 1224 3898 In
1255 3833 1321 3899 hoc
1341 3865 1355 3880 -·

257 3947 374 4013 medio
400 3949 502 4010 cursil
529 3955 580 4009 est
606 3942 717 4008 insula
742 3964 830 4027 quae
856 3942 1049 4027 appellatur
1076 3943 1200 4017 Mona;
1227 3964 1322 4008 com-
