3048 4444
511 332 629 386 LIBER
654 335 813 398 visne.
840 343 952 402 25-29.
1209 349 1266 415 157

198 508 279 576 dine
292 510 396 595 paule
410 511 624 578 antecedunt
638 511 850 596 mutilaeque
864 523 945 578 sunt
959 511 1123 578 comibus
1138 521 1173 578 et
1188 517 1264 577 crir-

199 639 234 682 ra
254 617 327 684 sine
347 619 448 684 nodis
468 619 692 704 articulisque
713 620 859 700 habent;
879 642 992 706 neque
1012 620 1140 706 quietis
1160 626 1263 686 causa

198 728 435 812 precumbunt
456 749 577 813 neque,
598 735 626 796 si
646 735 717 815 que
738 729 899 796 adflictae
919 735 1001 796 cesu
1023 727 1261 806 conciderunt,

195 833 327 920 erigere
341 841 415 901 sese
428 843 468 903 ec
481 837 661 904 sublevere
675 850 833 923 possunt.
869 837 936 904 His
950 847 1031 902 sunt
1046 836 1186 904 arbores
1200 843 1263 920 pre>

199 944 383 1024 cubilibus;
404 946 447 1011 ad
468 953 526 1013 ees
546 953 583 1013 se
603 946 777 1032 adplicant
798 957 902 1031 atque
924 946 972 1012 ita
992 943 1134 1031 paulur'n
1157 945 1296 1016 modos

197 1053 379 1120 reclinatae
396 1055 549 1138 quietem
568 1056 718 1140 capiunt.
769 1055 929 1140 Querum
948 1077 993 1120 ex
1011 1054 1166 1140 vestigiis
1185 1075 1264 1119 cum

198 1270 338 1347 suerint,
361 1277 484 1337 omnes
505 1278 548 1337 eri
569 1273 648 1337 loco
670 1284 729 1338 aut
751 1273 794 1338 ab
816 1273 988 1338 radicibus
1011 1273 1181 1338 subruunt
1204 1282 1263 1338 aut

187 1379 357 1446 accidunt
372 1381 524 1458 arbores,
539 1391 674 1446 tantum
691 1391 728 1447 nt
743 1401 879 1446 summa
893 1381 1024 1465 species
1039 1387 1158 1446 cerum
1173 1391 1264 1446 stan-

196 1488 283 1553 tium
306 1489 528 1572 relinquetur.
580 1488 662 1554 Huc
685 1511 765 1554 cum
788 1495 824 1554 se
847 1489 1099 1555 censuetr'rdine
1123 1491 1263 1555 recline·
1283 1515 1314 1552 ιο

196 1605 331 1675 verunt,
353 1598 509 1664 infirmes
532 1598 672 1663 arbores
695 1598 849 1682 pondere
872 1596 1044 1683 adfligunt
1067 1609 1171 1682 atque
1194 1604 1264 1664 tine

196 1708 289 1792 ipsae
308 1708 507 1774 concidunt.

631 1795 690 1849 The
700 1796 775 1849 wild
783 1812 829 1850 ox.

263 1905 419 1972 Tertium
440 1918 491 1973 est
511 1928 622 1992 genus
644 1911 766 1972 cerum
786 1913 845 1991 qui
866 1912 919 1972 uri
939 1908 1164 1992 appellantur.
1211 1907 1261 1972 Hi
1278 1915 1321 1980 28

195 2028 275 2082 sunt
294 2017 535 2103 magnittidine
554 2017 658 2102 paule>
676 2017 765 2082 infra
784 2016 998 2100 elephantes,
1018 2017 1131 2102 specie
1150 2029 1184 2083 et
1204 2039 1261 2082 co-

195 2127 266 2193 lere
279 2139 313 2193 et
327 2127 440 2213 figure
454 2134 554 2193 tauri.
595 2128 729 2212 Megna
742 2133 793 2192 vis
807 2133 928 2193 eorum
943 2139 996 2193 est
1010 2139 1045 2193 et
1061 2133 1189 2212 megna
1203 2132 1259 2192 ve·
1282 2149 1310 2199 ις

194 2237 329 2316 lecitr'rs;
349 2259 461 2322 neque
481 2238 615 2303 homini
633 2259 746 2322 neque
767 2237 856 2302 ferae
876 2258 980 2322 quam
1002 2242 1259 2320 censpexerunt

193 2359 350 2430 parcunt.
391 2348 470 2413 Hes
484 2347 639 2415 studiose
652 2347 761 2413 foveis
775 2353 900 2432 captes
913 2345 1137 2412 interficiunt.
1178 2345 1259 2410 Hdc

193 2463 229 2522 se
243 2457 359 2524 labore
372 2457 498 2523 dirrant
512 2458 750 2523 adulescentes
763 2469 867 2541 atque
881 2457 948 2521 hec
963 2477 1090 2541 genere
1105 2454 1259 2521 venetio-

192 2564 245 2631 nis
257 2577 432 2644 exercent,
447 2578 480 2632 et
495 2574 555 2651 qui
566 2565 734 2650 plirrimos
747 2588 790 2630 ex
804 2567 856 2631 his
869 2564 1129 2641 interfecerunt,
1144 2563 1260 2650 reletis

193 2673 227 2737 in
243 2674 420 2758 publicum
436 2675 600 2741 comibus
615 2695 702 2758 quae
719 2674 787 2740 sint
802 2674 1015 2750 testimonie,
1033 2680 1197 2757 magnam
1214 2673 1260 2737 fe·
1279 2700 1316 2760 ιοΙ

194 2793 275 2848 runt
295 2785 441 2851 laudem.
493 2784 561 2852 Sed
582 2784 784 2851 adsuescere
805 2785 847 2850 ad
869 2783 1028 2849 homines
1048 2793 1081 2848 et
1103 2787 1261 2848 mensue-

195 2892 335 2959 fierine
360 2895 492 2979 parvuli
518 2893 659 2978 quidem
684 2900 822 2978 excepti
847 2903 1004 2977 possunt.
1055 2890 1261 2975 Amplitudo

195 3022 365 3067 cornuum
378 3014 411 3068 et
425 3002 538 3087 figura
549 3015 583 3069 et
598 3003 729 3087 species
742 3003 892 3068 multum
905 3008 926 3067 ri
939 3007 1139 3067 nostrerum
1153 3000 1261 3064 boum

195 3111 358 3176 cornibus
385 3111 511 3177 differt.
562 3111 661 3177 Haec
688 3111 843 3176 studiose
870 3117 1064 3194 conquisita
1091 3110 1133 3173 ab
1159 3109 1262 3173 labris

194 3227 340 3303 argente
359 3219 636 3287 circumclirdunt
655 3232 759 3303 atque
777 3219 812 3284 in
831 3219 1050 3303 amplissimis
1069 3218 1178 3302 epulis
1197 3223 1262 3301 pre
1280 3246 1310 3296 25

195 3329 329 3412 poculis
345 3335 501 3395 ittuntur.

229 3470 335 3524 Caesar
346 3476 464 3524 returns
475 3474 504 3524 to
517 3470 598 3524 Gaul
610 3469 674 3523 and
681 3485 805 3526 resumes
816 3468 865 3523 the
876 3472 1000 3540 purum?
1013 3470 1049 3540 os
1062 3470 1225 3524 Ambiorix.

262 3579 398 3658 Caesar,
417 3591 604 3664 postquam
622 3600 683 3663 per
701 3578 815 3645 Ubies
833 3579 1072 3662 explereteres
1091 3577 1260 3662 comperit
1278 3589 1321 3658 29

194 3688 330 3755 Suebds
349 3695 423 3756 sese
442 3689 476 3753 in
497 3689 598 3754 silves
618 3687 798 3771 recepisse,
818 3687 972 3771 inopiam
992 3686 1156 3752 frumenti
1175 3687 1262 3753 veri-

193 3805 260 3874 tus,
276 3836 323 3846 —
340 3797 447 3882 quod,
466 3809 504 3863 ut
521 3803 626 3881 supre
643 3796 970 3872 demenstrevimus,
990 3795 1132 3862 minime
1151 3796 1262 3861 homi-

194 3913 255 3972 nes
279 3906 445 3974 Germeni
467 3913 542 3992 agri
564 3906 719 3972 cultrirae
743 3903 894 3980 student,
916 3941 964 3951 —
986 3904 1167 3970 cdnstituit
1190 3911 1261 3970 non
1280 3925 1313 3974 ³0
