3044 4442
256 338 316 386 100
635 321 750 376 BELLI
776 324 935 376 GALLICl

253 497 506 568 ministraretur
528 521 586 567 ΧΗ
608 502 754 569 navibus
776 502 921 581 amissis
942 503 1081 587 reliquis
1103 512 1141 569 ut
1163 501 1319 588 navigari
1355 547 1361 562 .

252 609 333 678 satis
349 611 536 679 commode
550 622 669 698 posset
683 612 808 679 effecit.

558 772 634 844 They
644 773 744 828 attach
754 774 866 827 Roman
870 774 1022 845 soragers.

289 885 384 950 Dum
404 905 445 951 ea
463 893 644 970 geruntur,
664 884 803 969 legibne
823 906 868 950 ex
888 883 1140 950 cbnsue'ttiidine
1161 889 1231 948 rina
1251 883 1318 948 frir-

252 1001 447 1061 mentatum
467 993 582 1071 missi,
602 1014 691 1078 quae
710 993 948 1078 appellabatur
967 1012 1035 1070 vn,
1055 1014 1169 1076 neque
1188 993 1256 1058 ulla
1275 992 1317 1057 ad

220 1127 233 1178 5
252 1105 286 1169 id
305 1115 443 1188 ternpus
462 1104 542 1169 belli
561 1103 758 1186 suspicibne
776 1102 991 1187 interpositi,
1011 1123 1091 1167 cum
1110 1123 1188 1186 pars
1208 1102 1318 1167 homi-

251 1234 334 1279 num
351 1213 386 1278 in
400 1219 493 1298 agris
508 1219 711 1291 remaneret,
728 1233 806 1296 pars
822 1211 929 1278 etiam
943 1211 978 1277 in
995 1224 1106 1277 castra
1121 1211 1317 1289 ventitaret,

252 1329 284 1389 ei
306 1328 366 1407 qui
388 1328 452 1407 prb
476 1329 586 1407 portis
609 1328 802 1388 castrbrum
825 1321 860 1386 in
885 1321 1034 1387 statibne
1058 1331 1155 1388 erant
1180 1320 1317 1387 Caesari

250 1432 499 1499 ntintiaverunt
515 1433 694 1517 pulverem
711 1431 879 1498 maibrem
896 1453 1001 1516 quam
1019 1429 1237 1496 cbnsuetirdri
1254 1430 1318 1495 ier-

251 1555 301 1609 ret
318 1542 352 1609 in
368 1549 408 1609 ei
423 1553 521 1627 parte
536 1541 646 1608 videri
661 1562 765 1627 quarn
783 1542 817 1606 in
833 1552 968 1626 partem
983 1541 1076 1626 legib
1092 1541 1157 1606 iter
1171 1539 1316 1606 iecisset.

204 1671 235 1708 10
252 1652 377 1718 Caesar
394 1652 428 1717 id
448 1653 543 1736 quod
563 1663 635 1718 erat
654 1651 858 1736 suspicatus,
878 1651 1007 1736 aliquid
1026 1657 1109 1717 novi
1126 1657 1147 1716 a
1165 1651 1318 1716 barbaris

252 1760 375 1827 initurn
410 1762 541 1841 cbnsili,
577 1763 750 1840 cohortes,
786 1784 874 1846 quae
909 1762 944 1826 in
979 1761 1186 1827 stationibus
1221 1771 1317 1827 erant

250 1877 368 1937 secum
386 1871 420 1936 in
437 1893 513 1938 eam
525 1883 665 1962 partem
683 1872 855 1957 proficisci
873 1893 919 1937 ex
936 1872 1075 1956 reliquis
1093 1871 1179 1936 duas
1198 1870 1233 1935 in
1251 1881 1318 1935 sta-

249 1981 382 2046 tibnem
411 1983 607 2060 succedere,
637 1982 785 2066 reliquas
813 1987 939 2047 armari
968 1991 1002 2047 et
1031 1979 1214 2046 cbniestim
1243 1985 1318 2044 sese

251 2091 414 2175 subsequi
431 2091 539 2157 iussit.

203 2226 232 2275 15
322 2201 410 2267 Cum
434 2202 538 2286 pauli)
560 2201 701 2287 longius
724 2208 745 2267 a
767 2207 887 2267 castris
911 2198 1144 2284 prbcessisset,
1169 2205 1250 2264 subs
1274 2197 1316 2262 ab

251 2311 408 2377 hostibus
429 2317 540 2396 premi
561 2322 666 2395 atque
686 2317 790 2396 aegre
811 2311 979 2377 sustinere
1000 2319 1035 2376 et
1057 2308 1213 2374 cbnierta
1233 2305 1317 2391 legi-

250 2427 317 2486 bne
332 2443 376 2486 ex
392 2421 554 2486 omnibus
571 2421 726 2505 partibus
743 2421 810 2486 tela
827 2420 915 2486 edici
931 2416 1183 2484 animadvertit.
1226 2416 1318 2481 Nam

250 2531 343 2616 quod
361 2537 458 2596 omni
475 2553 519 2597 ex
537 2529 677 2615 reliquis
695 2530 849 2614 partibus
867 2529 1027 2594 demessi>
1046 2526 1222 2592 frumenti)
1240 2545 1318 2609 pars

251 2644 319 2706 rina
335 2651 407 2706 erat
424 2640 565 2724 reliqua,
584 2641 749 2725 suspicati
766 2639 885 2704 hostes
902 2638 970 2717 hirc
989 2642 1128 2702 nostrbs
1145 2656 1220 2700 esse
1237 2656 1318 2699 ven-

201 2776 234 2814 20
252 2755 351 2816 turbs
370 2756 480 2815 noctti
500 2749 534 2814 in
556 2749 649 2815 silvis
670 2750 894 2825 delituerant;
920 2758 997 2812 tum
1019 2745 1191 2829 dispersbs
1211 2744 1317 2827 depo·

252 2859 325 2924 sitis
344 2866 448 2924 armis
467 2859 502 2923 in
522 2858 688 2925 metendi)
709 2863 900 2939 occupatcis
920 2855 1035 2918 subiti)
1056 2851 1180 2928 adorti,
1201 2849 1319 2934 paucis

250 2967 437 3034 interiectis
465 2966 617 3051 reliquiis
646 2967 785 3031 incertis
814 2963 994 3030 Ordinibus
1021 2961 1317 3045 perturbaverant,

251 3077 352 3144 simui
370 3076 526 3161 equitatu
544 3088 648 3160 atque
667 3074 795 3140 essedis
814 3071 1123 3167 cireumdederant.

528 3246 587 3302 The
598 3263 665 3300 war
676 3243 805 3299 charzbts
816 3245 852 3317 os
859 3243 908 3298 the
919 3243 1048 3298 Britons.

192 3373 235 3438 33
321 3357 439 3427 Genus
455 3357 523 3424 hbe
538 3367 589 3423 est
606 3378 651 3422 ex
667 3354 795 3422 essedis
811 3360 964 3440 pugnae:
990 3359 1103 3438 primi>
1120 3374 1181 3437 per
1197 3359 1318 3418 omnes

203 3491 232 3542 25
253 3475 367 3555 partes
391 3467 609 3555 perequitant
633 3477 667 3534 et
692 3466 760 3532 tela
784 3464 936 3532 ediciunt
959 3474 1064 3548 atque
1087 3463 1163 3548 ipsi)
1188 3468 1318 3528 terrbre

253 3585 424 3664 equdrum
445 3589 480 3644 et
502 3577 648 3663 strepitti
671 3582 829 3642 rotarum
853 3575 992 3642 Ordines
1016 3575 1219 3658 plerumque
1244 3592 1318 3655 per-

251 3689 407 3768 turbant;
422 3699 456 3754 et
472 3709 552 3753 cum
568 3693 605 3754 se
619 3686 709 3752 inter
723 3685 881 3772 equitum
898 3692 1030 3751 turmas
1045 3683 1318 3758 insinuaverunt,

253 3823 297 3867 ex
323 3799 450 3866 essedis
475 3797 636 3864 desiliunt
662 3807 695 3862 et
721 3797 867 3881 pedibus
893 3794 1114 3879 proeliantur.
1164 3791 1318 3876 Aurigae

252 3909 389 3979 interim
409 3907 574 3996 paulatim
594 3929 638 3973 ex
658 3907 791 3991 proelii)
812 3905 987 3972 excedunt
1007 3915 1111 3988 atque
1132 3902 1179 3967 ita
1198 3906 1318 3967 curnis
