3044 4442
252 331 308 377 102
633 313 746 366 BELLI
773 312 932 365 GALLlCl

246 499 365 559 secum
381 499 688 577 transportaverat,
703 492 860 577 legiones
876 491 911 557 in
927 491 1000 556 acie
1016 497 1080 576 pre
1096 497 1216 556 castris
1231 497 1314 556 con-

247 602 369 670 stituit.
416 602 615 670 Commissi)
637 601 769 687 proelii)
791 602 921 667 diirtius
942 607 1141 667 nostrorum
1165 600 1314 666 militum

246 713 417 797 impetum
431 712 550 778 hostes
564 711 652 780 lerre
665 717 737 777 nim
752 717 942 796 potuerunt
958 717 998 776 ac
1012 722 1111 795 terga
1125 716 1312 776 verterunt.

247 822 350 907 Ques
365 827 464 888 tante
482 821 593 906 spatie
611 826 721 886 seci1ti
737 832 908 905 quantum
925 825 1027 885 cursu
1045 830 1080 886 et
1098 819 1227 885 viribus
1243 819 1314 886 effi-

215 955 325 1010 scere
350 938 552 1018 potuerunt,
577 932 776 1014 complures
801 953 845 996 ex
870 937 919 996 eis
944 930 1162 1008 occiderunt3
1188 929 1312 996 deinde

248 1043 410 1110 omnibus
433 1043 540 1129 longe
562 1043 701 1126 lateque
724 1040 888 1107 aedificiis
912 1041 1060 1106 incensis
1083 1047 1120 1106 se
1143 1039 1178 1105 in
1203 1051 1313 1106 castra

247 1159 462 1237 receperunt.

559 1257 586 1312 Τ
581 1255 618 1310 he
630 1256 756 1309 Romans
767 1259 872 1309 return
883 1258 912 1308 to
926 1254 1009 1309 Gaul.

187 1381 230 1460 36
318 1386 455 1453 Eodem
480 1385 536 1452 die
560 1387 667 1471 legati
690 1387 733 1452 ab
758 1384 917 1451 hostibus
941 1383 1036 1450 missi
1061 1385 1104 1450 ad
1130 1383 1313 1450 Caesarem

246 1494 290 1560 de
321 1502 405 1579 pace
436 1501 617 1561 venerunt.
675 1495 742 1560 His
775 1494 902 1561 Caesar
934 1515 1118 1560 numerum
1150 1493 1312 1560 obsidum

198 1626 228 1661 10
245 1623 349 1687 quem
367 1615 447 1669 ante
466 1603 694 1688 imperaverat
713 1602 912 1688 duplicavit,
932 1608 1061 1686 eosque
1079 1601 1114 1667 in
1133 1601 1312 1668 continen-

247 1723 318 1778 tem
336 1713 463 1778 adduci
482 1712 591 1792 iussit,
612 1714 718 1798 quod,
741 1714 936 1800 propinqua
956 1711 1011 1779 die
1030 1713 1241 1798 aequinocti,
1261 1719 1312 1777 in-

244 1821 352 1888 firmis
380 1822 526 1889 navibus
553 1822 659 1889 hiemi
687 1823 947 1910 navigatianem
976 1822 1212 1888 subiciendam
1240 1827 1311 1887 nen

245 1931 475 1998 existimabat.
527 1933 606 2017 Ipse
625 1933 787 1998 idoneam
806 1939 1048 2016 tempestatem
1069 1942 1191 1997 nactus
1209 1932 1313 2014 paulo

248 2052 326 2124 post
350 2042 500 2108 mediam
525 2053 665 2108 noctem
690 2049 795 2109 naves
819 2042 935 2120 solvit;
960 2062 1048 2125 quae
1073 2047 1194 2106 omnes
1218 2041 1313 2106 inco-

197 2174 225 2223 ις
246 2153 357 2218 lumes
378 2152 421 2218 ad
443 2151 681 2218 continentem
704 2157 950 2236 pervenerunt;
973 2151 1033 2216 sed
1055 2173 1100 2216 ex
1122 2157 1170 2216 eis
1192 2157 1312 2216 onera-

247 2261 316 2326 riae
333 2261 421 2326 duae
439 2261 582 2326 eosdem
601 2266 723 2345 portus
742 2266 830 2344 quos
848 2260 999 2344 reliquae
1018 2281 1140 2344 capere
1160 2267 1231 2326 nan
1251 2282 1312 2345 po-

246 2376 388 2436 tuerunt
408 2381 442 2436 et
462 2371 567 2454 pauli)
586 2369 676 2435 inlra
694 2370 828 2435 delatae
847 2381 938 2435 sunt.

438 2558 498 2613 The
509 2559 630 2613 Morini
639 2558 738 2613 attach
749 2575 822 2613 some
833 2560 869 2632 os
879 2559 1008 2614 Caesar's
1019 2565 1121 2632 troops.

185 2703 228 2772 37
314 2691 453 2776 Quibus
472 2715 515 2758 ex
534 2694 681 2759 navibus
699 2714 779 2758 cum
799 2705 913 2759 essent
933 2695 1083 2777 expositi
1102 2693 1228 2759 milites
1248 2694 1310 2759 cir·

246 2802 331 2867 citer
356 2821 419 2868 ccc
443 2813 547 2887 atque
571 2802 606 2866 in
631 2811 742 2867 castra
766 2802 1027 2878 contenderent,
1056 2801 1196 2878 Morini,
1222 2809 1310 2886 quos

195 2935 226 2972 ιο
246 2910 372 2977 Caesar
396 2911 430 2975 in
458 2911 672 2977 Britanniam
698 2911 920 2994 proficiscens
947 2917 1089 2994 pacatas
1114 2912 1309 2994 reliquerat,

243 3027 304 3104 spe
323 3019 469 3104 praedae
488 3020 628 3085 adducti
647 3026 759 3105 primo
780 3026 851 3085 non
870 3019 916 3084 ita
935 3027 1066 3104 magni)
1085 3026 1228 3085 suorum
1248 3043 1310 3087 nu-

244 3135 340 3196 mere
359 3129 661 3195 circumsteterunt
679 3136 730 3206 ac,
749 3136 778 3194 si
796 3135 871 3196 sese
889 3129 1035 3195 interfici
1054 3131 1196 3208 mallent,
1215 3152 1311 3196 arma

243 3227 373 3323 penere
388 3238 570 3304 iusserunt.
611 3239 700 3305 Cum
716 3239 762 3304 illi
778 3240 862 3305 orbe
877 3238 969 3306 lacto
985 3246 1060 3306 sese
1074 3240 1309 3318 defenderent,

244 3347 399 3413 celeriter
418 3347 461 3413 ad
482 3348 669 3415 clamarem
691 3349 874 3414 hominum
895 3348 1030 3415 circiter
1051 3350 1144 3416 milia
1165 3369 1205 3415 v1
1229 3372 1309 3416 con-

195 3463 423 3530 revenerunt.
470 3457 551 3542 Qua
573 3464 610 3524 re
632 3445 791 3524 nuntiata
813 3459 938 3525 Caesar
960 3480 1101 3526 omnem
1124 3483 1168 3526 ex
1191 3467 1310 3526 castris
1343 3537 1348 3547 Ι

245 3565 439 3650 equitatum
466 3574 536 3633 suis
562 3567 692 3633 auxilie
719 3568 821 3634 misit.
874 3569 1018 3634 Interim
1047 3577 1158 3635 nostri
1184 3570 1309 3636 milites

241 3676 411 3761 impetum
428 3677 581 3743 hostium
596 3677 834 3763 sustinuerunt
850 3689 954 3764 atque
970 3679 1118 3763 amplius
1134 3679 1229 3746 heris
1246 3699 1309 3745 1111

243 3787 430 3854 fortissime
454 3771 711 3872 pugnaverunt,
736 3799 769 3854 et
795 3795 912 3872 paucis
935 3789 1135 3855 vulneribus
1159 3795 1309 3874 acceptis

243 3899 439 3986 complures
475 3919 519 3964 ex
557 3898 609 3964 his
645 3896 857 3964 occiderunt.
920 3898 1047 3965 Postea
1084 3906 1167 3964 vere
1205 3921 1308 3984 quam
