3044 4442
647 337 760 392 BELLI
784 339 943 392 GALLICl

582 575 793 644 Theficleleness
804 574 840 645 os
847 574 896 628 the
909 575 1007 628 Gauls.
1061 606 1070 622 ·

220 698 241 767 5
332 683 399 749 His
419 683 463 749 de
483 685 586 749 rebus
608 683 733 750 Caesar
754 684 880 750 certior
900 685 1010 750 iactus
1031 696 1065 750 et
1085 685 1325 751 infirmitotem

262 793 441 860 Gallorum
459 792 598 872 veritus,
618 793 713 877 quod
732 804 812 858 sunt
831 794 865 858 in
885 793 1036 860 consiliis
1056 793 1231 878 capiendis
1250 800 1325 860 mo-

261 902 345 968 biles
365 913 398 968 et
417 908 517 968 nov1s
538 903 741 986 plorumque
760 904 863 968 robus
881 902 1034 980 student,
1054 903 1138 968 nihil
1158 903 1211 968 his
1229 924 1324 968 com-

261 1010 470 1076 mittendum
496 1011 717 1077 existimovit.
768 1007 831 1077 Est
856 1011 949 1078 enim
974 1011 1042 1077 hoc
1067 1010 1217 1077 Gallicae
1243 1017 1325 1077 con-

224 1121 464 1199 ssuotudinis,
498 1126 549 1187 uti
582 1132 616 1187 et
651 1120 801 1186 viatores
834 1121 938 1187 etiam
973 1121 1100 1186 invitos
1135 1121 1323 1188 consistere

261 1236 401 1315 cogant,
422 1241 466 1308 et,
487 1229 569 1314 quid
590 1229 737 1314 quisque
758 1235 880 1295 eorum
900 1230 943 1296 do
962 1235 1100 1314 quoque
1121 1236 1158 1295 ro
1177 1230 1323 1296 audierit

259 1351 318 1405 aut
334 1339 550 1424 cognoverit,
567 1343 749 1423 quaerant;
767 1349 801 1423 et
817 1345 1027 1405 mercotoros
1044 1339 1079 1404 in
1097 1337 1233 1423 oppidis
1250 1323 1323 1404 vul-

260 1472 326 1535 gus
360 1449 600 1527 circumsistat,
636 1449 831 1533 quibusque
865 1470 909 1515 ex
946 1447 1147 1533 regionibus
1182 1448 1322 1513 veniant

259 1565 414 1643 quosque
436 1558 482 1623 ibi
504 1565 559 1623 res
580 1557 821 1643 cognoverint,
845 1555 1071 1640 pronuntiore
1093 1562 1206 1640 cogat.
1255 1556 1322 1621 His

210 1694 240 1731 10
259 1668 361 1733 robus
391 1680 495 1752 atque
524 1667 759 1732 auditionibus
790 1671 940 1750 permoti
971 1665 1014 1731 de
1045 1647 1190 1730 summis
1221 1686 1322 1749 saepe

258 1778 360 1842 robus
377 1777 520 1870 consilia
535 1776 666 1853 ineunt,
683 1781 833 1862 quorum
850 1781 911 1840 eos
928 1774 963 1839 in
981 1774 1130 1859 vestigio
1148 1759 1322 1858 paenitere
1336 1840 1338 1849 ,

257 1907 396 1953 necesse
411 1897 473 1964 est,
490 1867 569 1952 cum
585 1885 724 1952 incertis
738 1884 935 1950 romoribus
951 1882 1101 1948 serviant
1117 1894 1151 1950 et
1167 1884 1322 1967 plerique

257 1995 299 2060 ad
321 1995 541 2060 voluntotem
562 2001 683 2059 eorum
705 1993 788 2058 ficta
809 1993 1053 2077 respondeant.

440 2165 547 2220 Caesar
558 2164 666 2218 decides
678 2168 706 2216 to
718 2163 800 2216 make
810 2179 877 2216 war
888 2179 924 2216 on
936 2162 985 2217 the
995 2162 1140 2216 t'rtvaders.

217 2276 238 2340 6
327 2276 407 2360 Quo
423 2272 675 2340 consuotodine
691 2272 834 2356 cognito
850 2271 985 2351 Caesar,
1002 2279 1045 2338 no
1061 2272 1213 2357 graviori
1228 2272 1319 2339 bello

207 2408 235 2456 15
256 2395 463 2462 occurreret,
478 2381 647 2448 motorius
660 2403 763 2466 quam
779 2363 963 2447 consuerat
976 2382 1019 2448 ad
1034 2381 1227 2448 exercitum
1242 2403 1320 2467 pro-

258 2494 429 2560 ficiscitur.
478 2493 532 2557 Eo
556 2512 635 2556 cum
660 2491 819 2569 vomisset,
842 2512 893 2568 ea,
917 2511 1006 2574 quae
1030 2491 1103 2557 lore
1126 2491 1320 2575 suspicotus

258 2613 340 2681 erat,
367 2603 456 2668 iacta
481 2600 663 2686 cognovit:
689 2600 810 2666 missos
835 2599 1028 2685 legationes
1053 2601 1096 2667 ab
1121 2607 1193 2666 non
1219 2601 1320 2666 nollis

255 2712 452 2779 civitotibus
469 2711 511 2776 ad
528 2710 721 2776 Germonos
737 2709 972 2793 invitotosque
989 2716 1049 2777 eos
1066 2716 1117 2775 uti
1133 2710 1176 2776 ab
1194 2709 1319 2776 Rheno

255 2821 485 2897 discederent;
503 2819 622 2884 omnia
646 2818 747 2903 [que]
770 2840 859 2903 quae
877 2820 1111 2903 postulassent
1129 2819 1172 2885 ab
1191 2825 1228 2884 so
1246 2818 1320 2885 fore

258 3052 314 3106 tur
337 3050 371 3105 et
394 3039 429 3103 in
453 3039 538 3103 finos
563 3037 771 3102 Eburonum
795 3048 829 3103 et
855 3037 1130 3115 Condrusorum,
1155 3043 1214 3122 qui
1238 3046 1319 3102 sunt

254 3149 486 3214 Troverorum
503 3146 655 3224 clientes,
673 3152 910 3231 pervenerant.
954 3147 1172 3231 Principibus
1191 3146 1320 3213 Galliae

255 3263 407 3324 evocotis
430 3256 556 3322 Caesar
577 3277 617 3321 ea
638 3277 727 3340 quae
749 3263 964 3342 cognoverat
987 3256 1234 3322 dissimulanda
1256 3255 1319 3322 sibi

255 3366 477 3443 existimavit,
497 3371 689 3449 eorumque
708 3366 831 3431 animis
851 3366 1032 3450 permulsis
1052 3375 1085 3432 et
1106 3365 1320 3430 confirmotis

204 3500 234 3551 25
255 3475 481 3560 equitotoque
512 3474 683 3558 imperoto
714 3474 843 3540 bellum
874 3495 954 3539 curn
986 3472 1168 3541 Gennonis
1199 3493 1320 3558 gerere

255 3583 445 3653 constituit.

527 3689 646 3759 Defiant
657 3705 783 3758 message
793 3688 830 3759 os
837 3688 886 3762 the
899 3689 1047 3741 Germans.

215 3813 236 3882 7
324 3805 377 3871 Ro
406 3803 632 3870 frumentorio
662 3807 863 3885 compartito
892 3799 1135 3884 equitibusque
1167 3799 1318 3876 doloctis

257 3914 321 3980 iter
340 3913 374 3978 in
396 3936 436 3979 ea
455 3914 532 3979 loca
553 3913 664 3978 iacere
685 3910 811 3995 coepit,
833 3909 958 3995 quibus
978 3909 1013 3975 in
1034 3910 1118 3976 locis
1139 3931 1213 3976 esse
1236 3908 1319 3974 Ger-
