3000 4456
503 379 620 433 LIBER
648 382 683 435 11.
710 381 793 435 CAP.
822 392 932 449 12-15.
1211 400 1255 466 49

182 557 317 643 oppide
337 558 476 625 treditis
495 559 529 624 in
549 559 765 627 deditienem
785 560 988 627 Suessienes
1008 560 1133 645 accipit
1156 583 1252 628 exer-

182 668 364 753 citumque
391 669 426 734 in
455 669 660 736 Bellovaces
687 671 794 736 dircit.
849 670 921 756 Qui
949 690 1029 736 cum
1059 677 1094 736 se
1123 692 1252 757 suaque

183 775 304 841 omnia
324 776 359 841 in
382 777 552 862 oppidum
575 777 865 863 Bratuspantium
889 778 1121 844 contulissent
1145 788 1251 863 atque

183 885 228 950 ab
251 891 293 951 ee
316 886 447 971 oppidi>
471 886 700 953 Caesareum
723 888 879 953 exercitii
903 886 1038 953 circiter
1061 886 1153 952 milia
1176 907 1251 971 pas-

183 1016 286 1061 suum
304 1016 327 1061 v
343 997 487 1073 abesset,
505 1003 628 1062 omnes
645 997 793 1063 meieres
810 1002 894 1062 nertii
911 1018 956 1062 ex
974 995 1105 1080 oppidi>
1122 1002 1252 1080 egressi
1271 1018 1284 1066 5

184 1111 308 1170 maniis
325 1105 369 1171 ad
389 1104 571 1171 Caesarem
591 1105 733 1172 tendere
752 1117 788 1173 et
808 1113 894 1172 vece
914 1105 1109 1190 significere
1129 1111 1251 1189 coepe—

85 1263 89 1273 .
186 1226 267 1281 runt
294 1220 368 1281 sese
395 1215 430 1279 in
457 1215 530 1280 eius
558 1214 662 1280 fidem
689 1221 729 1281 ac
756 1221 967 1300 potestetem
994 1221 1111 1281 venire
1138 1235 1250 1297 neque

182 1330 308 1389 contre
330 1323 499 1409 populum
524 1324 724 1389 Remenum
748 1331 852 1390 armis
874 1325 1097 1391 contendere.
1148 1324 1249 1402 Item,

181 1455 263 1499 cum
293 1433 335 1498 ad
366 1433 537 1518 oppidum
568 1434 768 1499 accessisset
801 1445 983 1519 castraque
1014 1433 1061 1500 ibi
1093 1441 1249 1519 peneret,

183 1550 281 1628 pueri
304 1543 532 1628 mulieresque
557 1565 601 1608 ex
626 1549 726 1608 mure
751 1550 859 1629 passis
882 1543 1041 1609 manibus
1066 1549 1129 1608 sue
1154 1549 1250 1608 mere
1271 1569 1302 1605 ιο

184 1660 306 1738 ρεῖιεεῐη
325 1654 368 1718 ab
388 1653 558 1719 Remenis
578 1653 761 1739 petierunt.

368 1820 554 1873 Intercessicm
568 1821 603 1891 of
613 1819 786 1872 Diviciacus
789 1819 847 1890 for
858 1818 906 1872 the
917 1818 1071 1873 Bellovaci.

253 1929 322 1994 Pre
339 1929 392 1993 his
410 1929 736 1995 Diviciacus—nam
753 1939 833 2014 post
850 1928 1040 1994 discessum
1060 1927 1247 2013 Belginum
1269 1939 1308 2004 14

182 2038 332 2102 dimissis
362 2037 591 2104 Haeduerum
619 2039 728 2123 cepiis
755 2040 796 2104 ad
826 2060 906 2104 eum
934 2036 1249 2104 reverterat—facit

182 2150 300 2215 verba:
328 2149 532 2214 Bellovacds
548 2155 646 2214 omni
662 2160 821 2233 tempore
839 2149 874 2213 in
892 2147 961 2214 fide
977 2160 1081 2231 atque
1098 2147 1249 2212 amicitie

182 2257 331 2323 civitaitis
352 2257 520 2324 Haeduae
539 2258 657 2338 luisse;
684 2259 851 2343 impulses
871 2258 914 2324 ab
934 2264 1004 2323 suis
1025 2257 1248 2342 principibus,
1270 2280 1298 2330 15

179 2373 240 2451 qui
257 2367 410 2434 dicerent
429 2368 598 2435 Haedues
614 2376 634 2435 ai
652 2369 797 2436 Caesare
815 2371 849 2434 in
868 2369 1071 2436 servitirtem
1090 2368 1249 2434 redectes

183 2484 306 2544 omnes
342 2477 567 2564 indignitates
603 2480 902 2564 contumeliasque
938 2479 1099 2565 perferre,
1136 2491 1169 2546 et
1205 2479 1248 2544 ab

183 2587 341 2654 Haeduis
359 2589 524 2656 deiecisse
543 2603 577 2655 et
598 2591 729 2675 popule
750 2590 913 2656 Remene
933 2591 1062 2656 bellum
1084 2589 1248 2654 intulisse.

183 2697 255 2782 Qui
274 2698 348 2763 eius
369 2699 490 2763 censiti
511 2699 683 2783 principes
704 2699 860 2776 luissent,
882 2699 976 2784 quod
998 2699 1249 2782 intellegerent.

182 2819 348 2890 quantam
364 2809 595 2874 calamitetem
611 2810 742 2875 civiterti
758 2810 964 2886 intulissent,
982 2809 1016 2874 in
1034 2808 1248 2874 Britanniam
1267 2827 1300 2864 20

181 2916 387 3001 prelugisse.
427 2917 550 2983 Petere
562 2925 633 2983 nen
646 2919 759 2984 selum
776 2920 979 2985 Bellovacos
993 2918 1052 2984 sed
1067 2919 1170 2984 etiam
1185 2924 1248 3001 pre

182 3025 235 3090 his
256 3025 425 3092 Haedues
445 3036 482 3093 ut
503 3033 565 3093 suti
585 3028 768 3093 clementie
786 3035 826 3093 ac
848 3027 1114 3094 mansuetudine
1134 3027 1168 3091 in
1188 3033 1249 3093 ees

182 3140 308 3200 irtatur.
347 3135 454 3219 Quod
468 3142 496 3200 si
509 3135 638 3212 lecerit,
654 3137 885 3202 Haeduerum
898 3136 1142 3202 aucterita'ttem
1156 3136 1247 3220 apud

183 3251 305 3309 omnes
331 3244 457 3329 Belgis
481 3245 782 3329 amplificeturum,
807 3251 958 3331 querum
983 3246 1119 3312 auxiliis
1143 3256 1248 3330 atque

181 3351 318 3436 opibus,
335 3359 363 3418 si
380 3375 447 3438 qua
464 3354 551 3419 bella
568 3354 761 3430 inciderint,
779 3363 973 3422 sustentere
990 3356 1199 3422 censuerint.
1268 3377 1298 3426 25

226 3523 254 3576 Τ
250 3522 286 3576 ke
297 3524 442 3577 Ambiani
450 3523 556 3578 submit
567 3531 595 3578 to
609 3526 724 3579 Caesar.
762 3526 810 3578 He
820 3525 918 3580 learns
929 3526 1014 3580 about
1026 3526 1074 3580 the
1085 3527 1203 3584 Nervii.

251 3631 377 3699 Caesar
400 3633 542 3699 honeris
567 3633 735 3700 Diviciaici
757 3645 863 3719 atque
889 3637 1120 3702 Haeduerum
1144 3644 1247 3705 cause
1268 3645 1308 3714 15

181 3748 256 3808 sese
276 3749 336 3808 ees
356 3741 390 3807 in
410 3743 515 3809 fidem
536 3750 758 3828 receptiirum
779 3755 813 3809 et
835 3751 1124 3812 censervettirum
1146 3747 1246 3824 dixit,

182 3861 217 3917 et
245 3852 339 3936 quod
365 3863 438 3918 erat
466 3853 587 3918 civitais
613 3859 741 3937 migne
767 3852 856 3918 inter
883 3854 1008 3939 Belges
1034 3855 1248 3921 aucteritate

180 3971 287 4046 atque
317 3961 499 4027 hominurn
531 3961 755 4028 multititdine
786 3963 997 4046 praestabat,
1031 3983 1078 4030 nc
1110 3964 1248 4030 obsides
