3000 4456
538 375 655 429 LIBER
683 377 703 430 1.
730 377 813 430 CAP.
838 388 951 445 45-47.
1241 393 1277 459 35

212 554 362 640 populus
376 554 558 620 Romanus
570 553 764 639 ignovisset
780 575 893 639 neque
906 555 940 619 in
956 554 1170 639 provinciam
1184 555 1280 622 rede-

214 663 322 750 gisset
348 685 459 749 neque
484 663 697 748 stipendium
722 663 955 748 imposuisset.
1007 664 1115 748 Quod
1141 671 1169 730 si
1193 671 1280 731 anti-

212 771 418 858 quissimum
437 773 602 858 quodque
621 784 760 857 tempus
780 779 928 857 spectari
947 780 1138 858 oporteret,
1159 775 1280 859 populi

214 881 367 947 Romani
387 879 616 947 iustissimum
638 902 711 948 esse
733 881 768 947 in
791 881 901 948 Gallia
923 882 1122 967 imperium;
1144 890 1171 948 si
1192 883 1280 950 iridi-

212 989 305 1056 cium
325 995 467 1056 senatus
485 991 663 1057 observari
681 997 874 1075 oporteret,
896 991 1039 1058 liberam
1060 994 1185 1059 debere
1206 1015 1279 1059 esse
1298 1005 1311 1054 5

213 1097 370 1178 Galliam,
386 1120 490 1184 quam
507 1098 597 1165 bello
613 1098 743 1165 victam
759 1106 829 1166 suis
843 1100 979 1185 legibus
995 1107 1048 1166 titi
1064 1101 1241 1168 voluisset.

348 1264 378 1317 Α
396 1263 578 1318 treacherous
595 1264 695 1318 attach
712 1265 745 1334 by
762 1265 811 1319 the
828 1266 968 1320 Germans
986 1269 1012 1319 is
1029 1265 1136 1336 baffled.

282 1372 378 1438 Dum
400 1372 485 1439 haec
505 1373 541 1438 in
563 1373 753 1459 conloquio
775 1386 954 1460 geruntur,
979 1375 1117 1441 Caesari
1139 1374 1278 1440 nuntia·
1295 1370 1338 1453 46

199 1492 289 1576 ‚tum
304 1492 357 1547 est
374 1481 509 1566 equites
524 1481 693 1549 Ariovisti
710 1483 853 1569 propius
870 1485 1046 1550 tumulum
1062 1484 1225 1550 accedere
1243 1494 1277 1549 et

209 1590 254 1656 ad
275 1597 416 1656 nostros
438 1592 651 1677 adequitare,
674 1593 805 1678 lapides
827 1593 965 1679 telaque
986 1593 1020 1659 in
1043 1601 1185 1659 nostros
1207 1593 1277 1660 coi-

209 1720 295 1764 cere.
335 1698 461 1766 Caesar
475 1702 641 1786 loquendi
655 1701 761 1768 finem
775 1702 856 1768 iecit
872 1709 976 1788 sique
991 1704 1034 1768 ad
1050 1709 1131 1768 suos
1146 1702 1276 1788 recepit
1298 1725 1329 1761 10

208 1814 348 1893 suisque
365 1807 546 1894 imperavit
563 1818 606 1877 ne
623 1811 718 1896 quod
735 1817 880 1877 omnino
898 1812 1008 1878 telum
1024 1811 1059 1877 in
1077 1812 1197 1878 hostes
1214 1811 1277 1878 rei-

212 1929 340 1984 cerent.
389 1919 481 1984 Nam
503 1927 569 1986 etsi
590 1920 663 1986 sine
684 1921 755 1986 tillo
777 1922 931 2005 periculo
954 1920 1100 2007 legionis
1122 1922 1278 1987 delectae

210 2046 291 2092 cum
305 2025 464 2110 equitatu
480 2027 650 2112 proelium
665 2027 738 2094 iore
754 2027 905 2106 videbat,
924 2039 1040 2094 tamen
1055 2028 1278 2095 committen-

211 2134 296 2201 dum
314 2141 384 2200 nim
402 2135 562 2221 putabat,
579 2147 619 2202 ut
636 2137 743 2222 pulsis
758 2136 920 2203 hostibus
937 2137 1005 2203 dici
1022 2148 1140 2222 posset
1158 2144 1217 2204 eos
1235 2138 1278 2203 ab

210 2251 247 2312 se
265 2244 449 2330 perfidem
467 2243 502 2312 in
521 2244 710 2331 conloquio
729 2245 996 2312 circumventos.
1042 2245 1278 2331 Posteaquam
1298 2268 1326 2316 15

211 2352 245 2419 in
263 2356 391 2440 vulgus
409 2353 561 2420 militurn
578 2356 711 2421 elatum
728 2365 780 2420 est
800 2360 869 2440 qua
886 2353 1088 2441 arrogantia
1106 2354 1141 2421 in
1159 2356 1278 2421 conlo-

209 2464 293 2549 quio
313 2463 514 2530 Ariovistus
534 2469 617 2529 irsus
638 2470 735 2529 omni
757 2463 867 2530 Gallia
889 2464 1057 2530 Romanis
1078 2463 1277 2532 interdixis-

210 2585 274 2653 set,
299 2573 542 2658 impetumque
567 2583 606 2639 ut
631 2573 665 2638 in
691 2579 833 2640 nostrils
857 2572 931 2639 eius
955 2572 1091 2658 equites
1116 2574 1277 2641 iecissent

210 2704 319 2769 eaque
335 2690 389 2750 res
402 2681 630 2768 conloquium
645 2681 850 2760 diremisset,
866 2683 978 2748 multo
994 2683 1105 2748 maior
1119 2684 1279 2750 alacritas

209 2793 433 2877 studiumque
456 2791 636 2878 pugnandi
658 2791 769 2857 maius
791 2792 959 2858 exercitui
981 2791 1145 2858 iniectum
1168 2805 1230 2860 est.
1296 2812 1328 2849 20

418 2965 587 3018 Arrbvr'stus
603 2965 689 3017 seius
706 2967 762 3016 two
779 2977 880 3032 envoyts
897 2962 932 3034 os
951 2963 1065 3017 Caesar.

280 3073 394 3139 Biduo
415 3084 496 3158 post
518 3071 717 3138 Ariovistus
737 3072 781 3137 ad
802 3069 985 3137 Caesarem
1007 3072 1145 3158 legatos
1166 3073 1275 3140 misit:
1294 3073 1354 3163 47,

209 3181 308 3248 Velle
325 3188 361 3247 se
378 3182 421 3248 de
439 3189 487 3248 eis
504 3181 616 3260 rebus,
635 3202 723 3266 quae
740 3180 908 3246 intereos
925 3187 983 3266 agi
999 3193 1146 3267 coeptae
1164 3205 1276 3268 neque

211 3291 384 3376 perfectae
404 3300 528 3369 essent,
550 3312 654 3376 agere
674 3312 754 3357 curn
775 3295 833 3368 ei);
854 3295 907 3355 uti
928 3300 989 3355 aut
1011 3288 1136 3357 iterum
1158 3293 1277 3358 conlo-

211 3399 294 3484 quio
313 3399 404 3465 diem
423 3398 667 3477 constitueret,
686 3411 756 3477 aut,
776 3404 805 3466 si
823 3398 858 3464 id
876 3397 991 3464 minus
1011 3400 1124 3479 vellet,
1144 3421 1188 3466 ex
1208 3407 1278 3468 suis

211 3508 337 3594 legatis
352 3507 502 3593 aliquem
518 3508 562 3573 ad
579 3513 616 3574 se
632 3507 799 3574 mitteret.
1295 3542 1326 3592 25

277 3616 523 3701 Conloquendi
537 3616 675 3683 Caesari
688 3638 792 3682 causa
804 3623 878 3682 visa
890 3623 961 3682 non
976 3627 1028 3682 est
1037 3637 1045 3694 ;
1058 3627 1093 3683 et
1108 3623 1150 3683 ei>
1164 3617 1276 3704 magis

211 3727 306 3811 quod
327 3725 438 3810 pridie
458 3725 533 3791 eius
553 3725 621 3792 dier
644 3725 809 3792 Germani
830 3725 972 3792 retineri
993 3731 1065 3790 non
1087 3737 1276 3811 potuerant

208 3842 291 3921 quin
307 3837 375 3902 tela
390 3835 423 3900 in
440 3841 579 3900 nostros
594 3835 778 3900 coicerent.
819 3833 995 3918 Legatum
1018 3835 1079 3918 [ex
1095 3836 1182 3920 suis]
1203 3842 1278 3903 sese

208 3950 339 4036 magno
368 3965 449 4011 curn
478 3944 632 4034 periculo
662 3944 705 4012 ad
735 3963 814 4012 eum
845 3942 1031 4012 missurum
1061 3955 1096 4013 et
1128 3945 1276 4014 homini-
