3044 4442
274 343 332 424 136
659 347 771 399 BELLI
798 346 956 399 GALLICI

270 521 383 603 pellat,
400 529 548 605 querum
565 523 744 608 egregium
760 523 863 588 inisse
880 523 1043 588 virtetem
1061 521 1261 587 testimenie
1279 520 1335 587 Ci-

270 630 404 694 cerenis
424 637 647 715 cegneverat.
699 632 753 696 De
773 637 853 696 cesti
874 631 991 698 Sabini
1011 641 1045 696 et
1065 630 1190 697 Cottae
1209 629 1335 695 certius

270 760 314 803 ex
329 745 473 822 captivis
487 740 679 824 segnescit.
720 740 866 804 Postere
880 739 935 805 die
951 739 1115 804 contiene
1131 739 1247 804 habitet
1263 759 1335 803 rem

270 858 404 931 gestam
421 847 596 931 prepenit,
614 848 739 912 milites
756 848 956 913 censeletur
973 856 1006 912 et
1024 846 1227 924 confirmate
1240 846 1334 930 quod

237 979 250 1029 ς
271 955 518 1021 detrimentum
542 955 644 1038 culpe
667 965 701 1020 et
725 955 920 1021 temeritete
943 955 1050 1039 legisti
1074 954 1117 1019 sit
1141 965 1334 1038 acceptum,

271 1065 338 1130 hec
363 1064 525 1148 aequiere
550 1063 667 1129 anime
693 1062 878 1129 ferundum
904 1063 1018 1142 docet,
1044 1063 1139 1147 quod
1165 1062 1334 1129 beneficiet

270 1174 416 1240 deerum
435 1172 684 1238 immortalium
703 1184 737 1238 et
756 1172 882 1238 virtilte
901 1179 1023 1238 cerum
1042 1172 1184 1257 expiate
1204 1173 1334 1238 incom-

270 1282 376 1348 mode
390 1303 502 1365 neque
515 1280 674 1346 hostibus
686 1279 819 1346 dietina
832 1280 961 1347 laetitia
974 1302 1086 1365 neque
1100 1281 1182 1365 ipsis
1196 1281 1335 1368 longior

270 1392 371 1457 dolor
390 1390 612 1475 relinquetur.

267 1545 376 1601 Attack
386 1562 422 1600 on
435 1545 579 1599 Labienus
591 1544 731 1616 deferred.
770 1544 878 1598 Caesar
889 1546 998 1599 decides
1015 1551 1043 1600 to
1059 1545 1151 1616 spend
1165 1545 1213 1600 the
1229 1548 1336 1599 winter

352 1637 385 1688 in
400 1633 483 1696 Gaul,
496 1633 609 1687 because
620 1633 656 1704 of
670 1631 718 1686 tlte
730 1635 877 1703 prospects
888 1634 924 1705 os
937 1651 956 1686 a
968 1634 1095 1704 general
1106 1635 1251 1705 upre'se'eae.

209 1760 252 1830 53
340 1745 484 1811 Interim
502 1745 546 1812 ad
565 1745 759 1813 Labienum
778 1767 840 1832 per
859 1746 990 1812 Remes
1008 1743 1199 1811 incredibili
1218 1743 1334 1809 celeri-

271 1861 341 1919 tete
366 1854 410 1920 de
435 1853 579 1921 victuris
606 1854 761 1921 Caesaris
787 1855 877 1921 [ema
903 1853 1082 1938 perfertur,
1109 1864 1158 1930 ut,
1185 1874 1265 1918 cum
1290 1853 1333 1917 ab

270 1963 420 2028 hibernis
447 1962 624 2029 Cicerenis
649 1964 743 2029 milia
767 1983 930 2047 passuum
955 1963 1089 2028 abesset
1114 1960 1249 2027 circiter
1273 1979 1333 2039 Lx,

272 2078 383 2158 eeque
400 2082 480 2159 post
497 2073 620 2139 heram
637 2081 767 2139 uenam
783 2072 850 2138 diei
869 2072 995 2139 Caesar
1012 2069 1234 2158 pervenisset,
1253 2081 1335 2137 ante

268 2181 418 2248 mediam
439 2193 579 2248 noctem
599 2182 641 2248 ad
663 2187 780 2266 portes
801 2187 993 2247 castrerum
1015 2181 1146 2246 clemor
1166 2185 1333 2256 oreretur,

220 2319 248 2368 15
267 2297 338 2374 qne
356 2292 506 2358 clemere
523 2291 732 2376 significetis)
749 2292 913 2358 victeriae
930 2289 1188 2375 gratuletieque
1205 2291 1248 2354 ab
1266 2289 1334 2354 Re-

268 2407 333 2465 mis
350 2399 506 2466 Labiem')
523 2399 629 2466 fieret.
680 2400 758 2466 Hic
775 2400 866 2465 ierne
882 2399 925 2465 ud
942 2399 1112 2464 Treveres
1130 2400 1260 2482 perlete
1277 2399 1334 2463 In-

268 2509 496 2587 dutiomarus,
516 2515 575 2594 qui
596 2515 736 2594 posteri>
756 2509 812 2574 die
832 2519 942 2573 castra
963 2507 1107 2572 Labieni
1128 2513 1333 2592 oppirgnere

269 2617 479 2694 decreverat,
506 2623 614 2683 noctu
641 2617 797 2704 profugit
824 2616 1011 2702 cepiesque
1038 2621 1161 2681 omnes
1188 2615 1223 2680 in
1250 2614 1333 2682 Tre-

269 2733 370 2792 veres
387 2725 529 2792 reducit.

218 2868 250 2904 20
339 2835 465 2901 Caesar
481 2835 626 2901 Fabium
641 2855 722 2900 cum
737 2839 799 2900 sue
814 2834 952 2918 legiene
968 2834 1113 2899 remittit
1129 2833 1162 2898 in
1179 2834 1333 2911 hiberna,

269 2945 341 3027 ipse
357 2965 437 3009 eum
454 2963 499 3009 111
516 2944 711 3028 legienibus
727 2941 858 3008 circum
875 2943 1154 3010 Samarobrivam
1170 2948 1267 3007 trinis
1283 2942 1333 3005 hi-

268 3054 383 3119 bernis
403 3053 554 3119 hiemere
575 3049 766 3130 censtituit‚
787 3064 821 3117 et
841 3052 936 3140 quod
957 3058 1044 3117 tanti
1065 3056 1182 3117 mettis
1205 3051 1333 3116 Galliae

269 3161 483 3240 exstiterant,
507 3168 617 3227 tetam
641 3161 790 3225 hiemem
815 3160 887 3243 ipse
910 3159 952 3225 ad
977 3160 1169 3225 exercitum
1194 3165 1333 3224 manere

269 3271 430 3338 decrevit.
482 3269 573 3335 Nam
595 3269 652 3333 ille
674 3268 900 3333 incommode
920 3268 964 3334 de
985 3267 1103 3335 Sabini
1124 3279 1236 3333 morte
1259 3289 1333 3351 per-

218 3405 249 3454 25
268 3381 340 3446 lete
358 3385 480 3445 omnes
497 3379 568 3443 iere
586 3375 714 3443 Galliae
733 3377 889 3443 civitetes
908 3376 952 3443 de
969 3377 1061 3443 belle
1077 3378 1333 3454 censultebant,

268 3488 411 3554 nirnties
426 3485 690 3572 legetienesque
706 3485 740 3550 in
757 3492 879 3552 omnes
896 3492 1012 3570 partes
1029 3484 1271 3562 dimittebant;
1296 3495 1331 3550 et

269 3595 352 3681 quid
376 3596 498 3679 reliqui
521 3593 642 3659 censili
665 3604 826 3677 caperent
850 3604 954 3677 atque
979 3592 1070 3658 unde
1094 3592 1230 3658 initium
1254 3591 1334 3657 belli

268 3706 364 3771 fieret
379 3703 608 3788 explerebant
624 3712 863 3784 nocturnaque
879 3701 913 3765 in
928 3702 1013 3767 locIs
1029 3702 1172 3767 desertis
1189 3700 1335 3766 concilia

268 3814 451 3880 habebant.
502 3811 627 3894 Neque
641 3809 750 3875 iillum
764 3809 834 3875 fere
847 3815 956 3875 tetius
970 3811 1092 3874 hiemis
1107 3821 1245 3894 tempus
1261 3811 1334 3875 sine

219 3954 251 4003 30
270 3922 500 3989 sollicitirdine
522 3918 676 3986 Caesaris
697 3917 889 3984 intercessit
911 3925 994 4004 quin
1016 3919 1166 4003 aliquem
1187 3919 1232 3986 de
1252 3925 1335 3984 cen·
