3044 4442
514 340 631 394 crasa
659 343 706 396 ιν.
734 343 816 397 cnr.
846 344 956 411 13-16.
1232 351 1274 430 89

203 527 402 606 praestaret.
451 521 615 606 Querum
639 520 745 587 timor
769 544 848 587 cum
873 523 1012 589 lremitri
1038 534 1071 590 et
1096 531 1269 591 concursit

203 628 467 714 significaretur,
491 630 618 697 milites
640 637 750 696 nostri
773 632 907 716 pristini
930 633 998 698 diei
1021 632 1165 717 perfidia
1188 635 1270 702 inci-

202 744 265 804 tati
282 738 317 803 in
334 749 445 804 castra
461 738 676 824 inreperunt.
727 739 810 824 Qua
828 741 907 807 loce
925 749 985 826 qui
1002 743 1159 810 celeriter
1176 766 1271 811 arma

202 868 324 932 capere
351 853 552 931 potuerunt,
580 849 753 935 paulisper
781 858 907 917 nostris
935 852 1136 920 restiterunt
1164 865 1268 939 atque

201 954 290 1022 inter
316 962 432 1022 carras
458 957 777 1043 impedimentaque
803 961 973 1044 proelium
1002 970 1302 1044 commiserunt;s

200 1077 234 1130 at
264 1065 395 1149 reliqua
423 1066 612 1133 multittide
643 1075 831 1152 puetarum
863 1071 1268 1156 mulierumque—nam

201 1196 281 1240 cum
319 1174 482 1241 omnibus
520 1183 590 1241 suis
628 1177 736 1243 dome
775 1193 995 1247 excesserant
1034 1183 1267 1268 Rhenumque

198 1283 403 1350 transierant
415 1323 462 1332 —
475 1285 602 1369 passim
619 1287 739 1373 lugere
756 1290 886 1374 coepit;
903 1292 946 1357 ad
962 1299 1051 1376 ques
1066 1299 1267 1360 censectan-

199 1393 264 1459 des
279 1393 404 1460 Caesar
417 1393 613 1479 equitatum
628 1397 730 1463 misit.

240 1565 348 1635 Deseat
359 1566 395 1636 os
403 1565 452 1619 the
466 1566 614 1630 Germm,
628 1569 702 1623 warh
708 1577 799 1641 great
812 1571 873 1626 loss.
913 1575 1008 1644 Many
1018 1592 1071 1629 are
1081 1576 1225 1630 drowned.

269 1682 444 1761 Germani,
470 1697 550 1769 post
576 1697 716 1771 tergum
743 1689 893 1755 clamare
918 1690 1050 1767 audite,
1077 1712 1157 1755 cum
1182 1698 1265 1757 sues
1287 1702 1326 1771 15

199 1791 345 1860 interfici
369 1793 537 1872 viderent,
563 1801 667 1860 armis
690 1796 832 1862 abiectis
857 1803 1035 1883 signisque
1061 1799 1265 1865 militaribus

198 1900 326 1966 relictIs
345 1908 381 1967 se
399 1924 444 1967 ex
462 1910 585 1969 castris
603 1904 790 1984 eiecerunt,
810 1917 846 1971 et
865 1929 945 1972 cum
964 1909 1007 1972 ad
1027 1909 1264 1975 cenfluentem

201 2011 323 2076 Mosae
345 2023 380 2077 et
405 2013 520 2078 Rheni
542 2014 791 2098 pervenissent,
815 2015 945 2100 reliqua
968 2016 1051 2102 iuga
1073 2018 1263 2103 desperata,

196 2126 327 2205 magne
342 2129 489 2188 numera
505 2123 699 2202 interlecti),
715 2125 837 2209 reliqui
852 2133 888 2192 se
903 2126 936 2190 in
954 2126 1083 2191 flamen
1099 2125 1264 2210 praecipi-

197 2236 369 2310 taverunt,
392 2243 496 2316 atque
517 2233 562 2298 ihi
585 2234 721 2309 timere,
745 2234 954 2314 lassitudine,
975 2241 1010 2301 vi
1031 2234 1182 2301 flaminis
1203 2258 1264 2320 op·
1287 2261 1314 2309 ις

198 2347 304 2426 pressi
328 2341 515 2426 perierunt.
567 2343 692 2409 Nostri
714 2344 757 2409 ad
782 2351 890 2410 imum
915 2351 1037 2412 omnes
1060 2345 1262 2424 incolumes,

197 2459 378 2538 perpaucis
400 2454 598 2531 vulneratis,
620 2475 665 2518 ex
686 2461 773 2518 tanti
794 2455 873 2519 belli
896 2454 1032 2532 timere,
1055 2476 1135 2520 cum
1157 2455 1265 2521 hosti-

199 2584 258 2629 um
285 2584 450 2629 numerus
477 2562 630 2646 capitum
657 2582 826 2628 ccccxxx
853 2563 988 2630 milium
1012 2563 1143 2643 luisset,
1168 2572 1204 2632 se
1229 2567 1264 2630 in

197 2684 307 2739 castra
321 2679 536 2757 receperunt.
579 2671 706 2738 Caesar
722 2679 770 2738 eis
786 2679 874 2756 quas
892 2673 926 2738 in
942 2679 1062 2740 castris
1077 2673 1264 2742 retinuerat

196 2780 397 2850 discedendi
410 2787 622 2867 potestatem
638 2781 727 2847 lecit.
771 2783 824 2847 Illi
840 2782 1007 2867 supplicia
1023 2783 1264 2870 cruciatusque
1285 2811 1317 2847 20

199 2890 377 2959 Gallorum
402 2891 513 2969 veriti,
537 2898 688 2977 querum
712 2898 817 2976 agras
841 2899 1063 2970 vexaverant,
1087 2902 1264 2960 remanere

196 3007 232 3066 se
255 3002 347 3085 apud
371 3022 452 3066 eum
475 3002 563 3067 velle
588 3001 764 3067 dixerunt.
827 3001 894 3067 His
919 3001 1045 3067 Caesar
1069 3003 1264 3070 libertatem

197 3113 376 3178 concessit.

341 3265 415 3338 Way
428 3267 535 3322 Caesar
546 3266 620 3321 built
631 3283 650 3319 a
663 3266 764 3339 brr'dge
775 3266 840 3320 and
847 3267 959 3321 crossed
967 3267 1015 3321 the
1026 3267 1129 3322 Rhine.

267 3377 476 3445 Germanica
498 3377 590 3444 belle
613 3378 775 3444 cenlecte
798 3378 916 3442 multis
939 3377 1115 3444 decausis
1139 3378 1264 3446 Caesar
1286 3391 1325 3456 16

197 3487 316 3554 statuit
345 3485 409 3553 sibi
440 3486 604 3552 Rhenum
633 3508 707 3553 esse
736 3486 1001 3566 transeundum;
1031 3493 1178 3571 quarum
1209 3488 1265 3553 illa
1285 3517 1314 3566 ²5

196 3595 260 3661 luit
277 3595 473 3672 iastissima,
492 3594 598 3679 quod,
615 3617 696 3661 cum
714 3595 846 3662 videret
867 3595 1060 3662 Germanas
1078 3607 1148 3662 tam
1168 3596 1265 3663 facile

197 3703 337 3789 impelli,
357 3713 395 3770 ut
415 3703 451 3769 in
472 3702 618 3770 Galliam
638 3711 806 3783 venirent,
828 3711 899 3771 suis
918 3710 1060 3790 quaque
1081 3708 1184 3772 rebus
1204 3712 1265 3772 ees

197 3813 318 3880 timere
347 3812 468 3892 voluit,
500 3834 580 3880 cum
609 3811 849 3898 intellegerent
879 3824 913 3882 et
944 3837 1046 3899 posse
1076 3825 1108 3880 et
1138 3815 1264 3881 audere

197 3924 317 4008 populi
339 3923 491 3990 Remani
510 3922 701 3990 exercitum
724 3922 886 3990 Rhenum
908 3931 1062 3994 transire.
1108 3925 1265 3992 Accessit
