3000 4456
506 383 624 437 LIBER
651 384 686 436 11.
713 384 796 437 CAP.
822 396 918 452 9-11.
1206 399 1249 466 47

180 565 276 632 mine
300 563 455 650 adgressi
478 569 647 649 maignum
672 570 793 629 eorum
818 582 1002 628 numerum
1028 561 1249 640 occiderunt;

181 695 244 760 per
268 680 390 740 eerum
417 694 564 757 corpora
589 672 740 757 reliques
765 672 993 739 audacissime
1019 679 1164 739 trainsire
1188 655 1247 737 cf)-

177 788 302 849 nantes
314 780 537 849 multitfidine
549 783 699 866 telenum
712 781 948 865 reppulerunt,
962 785 1174 867 primesque,
1187 787 1248 865 qui

180 885 401 969 transierant,
422 890 581 975 equitetir
600 873 858 956 circumventos
877 891 1138 957 interfecerunt.
1157 895 1160 902 '

253 1001 387 1066 Hostes
403 999 462 1066 ubi
478 1010 513 1066 et
530 1000 574 1066 de
589 1000 828 1085 expcignande
846 999 977 1086 oppidi)
994 1012 1029 1067 et
1047 1001 1091 1067 de
1107 988 1249 1066 flsimine
1268 1013 1281 1063 s

180 1110 397 1176 transeundi)
417 1131 514 1195 spem
534 1116 571 1176 se
590 1109 748 1176 fefellisse
766 1109 1016 1176 intellexerunt
1037 1131 1149 1195 neque
1169 1131 1249 1175 nos-

180 1225 256 1286 tres
286 1218 320 1284 in
351 1219 468 1284 locum
499 1217 707 1304 iniquiorem
738 1219 912 1314 pregredix
934 1220 1115 1305 pfignandi
1145 1224 1249 1285 cause

180 1329 355 1408 viderunt,
379 1338 485 1413 atque
509 1328 604 1414 ipses
626 1335 680 1395 res
704 1327 928 1395 fritmenuiria
952 1329 1097 1396 deficere
1122 1327 1247 1413 coepit,

179 1437 329 1504 concilii)
358 1444 556 1504 convocato
586 1419 849 1505 cen'stituerunt
879 1438 1054 1523 optimum
1083 1459 1157 1504 esse
1187 1439 1248 1503 do-

180 1569 278 1612 mum
301 1569 400 1613 suam
423 1569 597 1633 quemque
620 1555 755 1642 reuerti,
780 1558 815 1614 et
839 1554 989 1632 querum
1013 1548 1048 1612 in
1072 1547 1159 1613 lines
1181 1552 1300 1632 pri-10

180 1679 277 1723 mum
296 1657 448 1724 Remini
466 1659 661 1724 exercitum
680 1657 970 1736 introduxissent,
990 1658 1033 1723 ad
1053 1657 1113 1723 ebs
1132 1656 1248 1722 defen-

178 1767 314 1833 dendos
330 1768 485 1854 undique
501 1775 739 1846 convenirent,
758 1778 796 1834 ut
814 1768 931 1853 potius
949 1768 983 1833 in
1001 1773 1071 1832 suis
1089 1788 1193 1851 quam
1211 1766 1246 1831 in

179 1876 299 1942 alienis
318 1876 446 1942 linibus
466 1877 683 1944 decertarent
705 1888 738 1944 et
759 1877 959 1944 domesticis
978 1876 1088 1960 cepiis
1109 1882 1157 1941 rei
1177 1875 1246 1940 frit-

179 1984 368 2051 mentitriae
385 1991 577 2052 uterentur.
618 1985 676 2052 Ad
692 2008 769 2052 eam
785 1984 996 2052 sententiam
1013 2006 1094 2050 cum
1109 1982 1247 2067 reliquis

177 2101 290 2161 causis
306 2096 389 2162 haec
405 2117 546 2181 quoque
562 2095 650 2161 ratiti
666 2103 727 2162 ees
742 2095 899 2172 dedirxit,
916 2094 1011 2178 quod
1030 2093 1247 2158 Diviciacum
1267 2111 1295 2160 15

177 2215 286 2289 atque
315 2204 486 2272 Haedues
514 2204 642 2282 finibus
674 2204 939 2270 Bellovacerum
968 2201 1248 2287 adpropinquare

180 2319 433 2398 cegneverant.
486 2315 553 2380 His
578 2314 778 2398 persuederi
804 2324 842 2379 ut
869 2311 1001 2378 diirtius
1027 2317 1247 2377 morerentur

179 2442 293 2506 neque
307 2429 377 2488 suis
391 2422 560 2489 auxilium
574 2422 702 2489 ferrent
719 2429 790 2488 non
805 2431 957 2507 poterat.

343 2627 433 2681 Great
443 2625 595 2697 slaughter
605 2626 641 2699 of
647 2625 696 2679 the
707 2625 814 2696 Belcae
825 2642 861 2679 on
873 2625 952 2679 their
963 2629 1082 2679 retreat.

238 2760 290 2825 Eri
304 2767 340 2826 re
354 2759 544 2826 censtitirtai
559 2758 710 2825 secunde
725 2757 843 2844 vigilie
857 2764 989 2843 megno
1004 2779 1085 2823 cum
1100 2756 1245 2840 strepitti
1266 2771 1304 2820 11

180 2875 220 2934 ec
237 2867 391 2934 tumultit
408 2874 530 2934 castris
545 2874 677 2953 egressi
691 2867 788 2934 millo
804 2874 902 2934 certo
918 2865 1039 2932 &rdine
1056 2887 1168 2950 neque
1185 2865 1246 2929 im·
1265 2891 1298 2926 20

180 2978 288 3062 perii),
306 2998 385 3042 cum
405 2977 469 3042 sibi
488 2977 635 3062 quisque
653 2983 806 3062 primum
826 2975 957 3042 itineris
975 2975 1092 3041 locum
1112 2982 1245 3059 peteret

180 3096 214 3153 et
234 3088 379 3153 domum
396 3093 574 3172 pervenire
591 3093 805 3173 propeteret,
825 3084 981 3151 fecerunt
1001 3095 1042 3152 ut
1060 3080 1248 3149 censimilis

181 3195 285 3281 fugae
306 3195 478 3280 profectiri
500 3196 686 3262 videretur.
735 3197 814 3261 Hec
837 3201 873 3260 re
897 3192 1017 3260 statim
1039 3191 1167 3259 Caesar
1187 3212 1248 3276 per

151 3305 417 3390 ‚speculeteres
449 3305 595 3391 cegnitri
626 3304 767 3370 insidiiis
799 3303 941 3381 veritus,
975 3302 1071 3387 quod
1103 3307 1172 3387 quai
1204 3301 1247 3366 de

180 3419 285 3478 causa
320 3412 545 3492 discederent,
583 3413 741 3479 nendum
777 3418 1013 3498 perspexerat,
1052 3409 1247 3476 exercitum
1265 3434 1296 3484 25

180 3521 447 3608 equititumque
476 3529 596 3589 castris
626 3522 812 3590 continuit.
869 3521 986 3586 Prime
1015 3519 1091 3585 litce
1122 3517 1247 3585 cenlir-

180 3637 277 3698 metit
296 3639 332 3699 re
352 3632 395 3699 ab
414 3633 704 3718 exploretoribus,
725 3652 866 3699 omnem
887 3628 1085 3715 equitatum
1106 3635 1166 3714 qui
1185 3649 1248 3693 no-

179 3740 358 3808 vissimum
374 3763 500 3828 agmen
517 3749 714 3808 moreretur
728 3739 915 3826 praemisit.

247 3851 314 3918 His
330 3851 373 3936 Q.
391 3852 538 3917 Pedium
554 3863 587 3919 et
603 3853 643 3918 L.
660 3850 937 3917 Aurunculeium
953 3847 1094 3915 Cottam
1110 3846 1246 3931 legates

180 3960 360 4045 praefecit3
377 3960 417 4026 T.
438 3960 633 4027 Labienum
648 3960 806 4046 legetum
824 3979 904 4050 cum
922 3955 1118 4042 legienibus
1137 3955 1247 4019 tribus
1265 3977 1298 4026 ³0
