3000 4456
250 363 293 440 48
636 363 750 416 BELLI
777 363 934 417 GALLICI

255 539 419 625 subsequi
441 540 550 606 iussit.
599 544 648 608 Hi
671 543 879 608 novissimds
901 544 1015 609 adorti
1037 553 1072 609 et
1095 543 1204 610 multa
1227 543 1319 611 mssia

253 670 419 734 passuum
436 656 612 734 prdsecriti
629 657 794 736 magnam
811 651 1074 718 multitudinem
1091 659 1213 718 ebrum
1230 652 1319 738 fugi-

254 759 388 825 entium
406 761 651 838 conciderunt;
668 782 748 827 cum
765 761 808 826 ab
825 766 984 828 extremi>
1001 760 1151 847 agmine,
1169 762 1213 826 ad
1232 767 1319 846 quris

252 879 397 935 ventum
414 880 498 948 erat,
516 869 748 936 cdnsisterent
767 870 974 955 fortiterque
991 870 1162 956 impetum
1180 877 1318 936 nostrd-

218 1007 231 1057 5
253 1001 329 1044 rum
342 980 490 1046 militum
502 979 723 1059 sustinerent,
737 981 879 1066 pribres,
892 981 987 1066 quod
1000 981 1120 1048 abesse
1132 987 1152 1047 a
1163 982 1316 1066 periculi)

253 1089 453 1155 viderentur
474 1111 587 1173 neque
610 1090 679 1155 ulla
701 1091 905 1157 necessitate
929 1112 1040 1175 neque
1064 1090 1210 1174 imperiti
1234 1112 1316 1157 con-

254 1196 459 1277 tinerentur,
496 1199 665 1265 exauditi)
702 1200 853 1266 clamrire
888 1200 1102 1285 perturbatis
1139 1199 1318 1265 Ordinibus

253 1314 375 1374 omnes
393 1308 427 1373 in
445 1308 530 1395 fuga
547 1308 610 1375 sibi
628 1308 838 1393 praesidium
856 1316 1038 1394 prinerent.
1082 1309 1139 1375 Ita
1157 1308 1229 1374 sine
1245 1309 1317 1374 ullu

253 1417 406 1502 periculi>
427 1429 562 1484 tantam
582 1425 705 1485 ebrum
725 1418 986 1484 multitudinem
1006 1424 1117 1485 nostri
1137 1418 1317 1485 interiece-

201 1558 232 1594 10
253 1537 345 1606 runt,
373 1539 543 1613 quantum
569 1528 634 1594 fuit
664 1528 731 1594 diei
758 1527 926 1613 spatium;
953 1527 1016 1594 sub
1044 1534 1208 1594 occasum
1235 1527 1317 1593 srilis

252 1642 349 1720 sequi
371 1637 583 1703 destiterunt
607 1644 712 1723 seque
733 1637 767 1702 in
790 1649 914 1715 castra,
937 1647 976 1702 ut
999 1647 1072 1703 erat
1096 1637 1315 1722 imperatum,

251 1752 466 1831 receperunt.

558 1834 722 1888 Surrender
733 1834 768 1907 os
775 1835 824 1888 the
836 1835 1002 1889 Suessiones.

191 1956 231 2006 12
323 1942 497 2009 Postridie
515 1943 589 2009 eius
609 1943 676 2009 diei
696 1943 831 2022 Caesar,
853 1943 1055 2029 priusquam
1075 1950 1112 2009 se
1131 1945 1251 2010 hostes
1271 1966 1316 2010 ex

253 2057 385 2118 terrrire
409 2058 450 2117 ac
476 2051 560 2138 luga
586 2052 788 2137 reciperent,
816 2053 850 2117 in
878 2053 964 2118 fines
992 2050 1228 2130 Suessirinum,
1256 2059 1316 2138 qui
1341 2049 1345 2057 '

199 2186 228 2234 ις
250 2161 401 2244 proximi
417 2161 536 2227 Remis
549 2173 657 2240 erant,
673 2163 865 2230 exercitum
880 2162 982 2227 duxit
996 2173 1030 2228 et
1047 2168 1178 2247 magni)
1193 2162 1314 2229 itinere

257 2270 455 2354 [cdnfeetri]
485 2272 529 2336 ad
554 2271 722 2357 oppidum
751 2269 1004 2337 Noviodunum
1030 2271 1222 2337 contendit.
1274 2272 1315 2337 Id

251 2401 295 2443 ex
312 2379 434 2444 itinere
452 2386 657 2467 opprigmire
676 2387 834 2460 crinitus,
854 2382 949 2465 quod
968 2403 1117 2448 vacuum
1137 2382 1180 2448 ab
1198 2382 1315 2448 delen-

250 2488 385 2554 sriribus
402 2510 474 2555 esse
490 2489 664 2568 audiebat,
682 2500 825 2574 propter
841 2490 1064 2557 latitudinem
1081 2492 1193 2559 fossae
1210 2498 1315 2558 mirri-

250 2619 317 2682 que
340 2597 561 2663 altitudinem
585 2605 703 2682 paucis
726 2598 993 2665 defendentibus
1015 2607 1218 2686 expugnare
1243 2608 1314 2667 ndn

188 2737 220 2774 πο
249 2706 377 2790 potuit.
418 2705 549 2771 Castris
563 2712 708 2771 munitis
721 2714 838 2773 vineas
854 2730 957 2794 agere
973 2730 1129 2794 quaeque
1144 2710 1186 2775 ad
1203 2715 1313 2794 oppu-

249 2816 429 2900 gnandum
446 2820 522 2881 usui
538 2825 635 2880 erant
652 2823 854 2900 comparare
869 2818 994 2902 coepit.
1038 2818 1182 2884 Interim
1199 2818 1314 2884 omnis

250 2946 294 2989 ex
319 2923 402 3008 luga
428 2923 654 2989 Suessidnum
680 2925 871 2991 multitudo
896 2926 930 2991 in
957 2927 1126 3012 oppidum
1154 2928 1314 3013 proxima

249 3043 352 3097 noete
368 3031 543 3098 convenit.
584 3032 752 3099 Celeriter
767 3041 875 3101 vineis
891 3036 934 3102 ad
952 3037 1121 3122 oppidum
1138 3044 1235 3116 actis
1254 3060 1313 3124 ag-

250 3163 331 3227 gere
355 3139 448 3206 iactr‘)
474 3141 695 3226 turribusque
720 3144 936 3224 constitutis,
962 3145 1206 3231 magnitudine
1231 3171 1313 3232 ope-

188 3271 218 3320 25
249 3271 335 3327 rum,
358 3271 445 3334 quae
465 3272 576 3335 neque
596 3252 753 3318 viderant
775 3266 857 3320 ante
878 3255 967 3320 Galli
988 3277 1100 3341 neque
1120 3257 1311 3335 audierant,

248 3371 281 3425 et
299 3358 477 3427 celeritate
494 3361 734 3427 Rdmanrirum
753 3371 901 3448 permdti
917 3365 1054 3449 legatds
1070 3366 1113 3430 ad
1131 3365 1314 3432 Caesarem

248 3469 291 3534 de
307 3469 486 3535 deditione
505 3470 649 3536 mittunt
668 3484 702 3537 et
721 3473 920 3558 petentibus
939 3474 1058 3540 Remis
1076 3487 1114 3540 ut
1132 3481 1313 3541 conserva-

249 3579 582 3667 renturimpetrant.

568 3719 595 3773 Τ
591 3718 627 3772 he
641 3718 791 3774 Bellovaci
805 3721 865 3775 also
882 3721 994 3775 submit.

189 3847 228 3911 13
319 3827 446 3895 Caesar
478 3829 657 3895 obsidibus
689 3836 841 3915 acceptis
874 3837 992 3914 primis
1024 3831 1177 3899 civitatis
1208 3845 1314 3918 atque

196 3967 228 4015 30
247 3937 354 4022 ipsius
374 3937 504 4004 Galbae
523 3939 615 4022 regis
636 3939 774 4038 duribus
794 3938 872 4004 liliis
892 3947 1065 4024 armisque
1086 3944 1248 4009 omnibus
1269 3965 1312 4009 ex
