3044 4442
279 371 338 418 120
664 358 776 410 BELLl
802 358 961 411 GALLlCl

276 532 483 618 Ambiorige
507 546 541 600 et
566 534 774 614 Catuvolc63
798 542 868 620 qui,
893 557 972 601 cum
988 535 1032 600 ad
1055 536 1141 601 fines
1166 541 1264 621 regni
1288 542 1341 601 sui

276 640 406 708 Sabino
435 642 630 726 Cottaeque
659 651 797 728 praesto
824 644 967 710 luissent
995 644 1278 728 frumentumque
1306 645 1340 708 in

274 752 418 817 hiberna
439 753 767 836 comportevissent,
792 754 1023 820 Indutiomeri
1045 755 1187 820 Treveri
1210 754 1341 838 nuntiis

274 860 413 944 impulsi
434 866 517 926 suos
539 861 803 928 concitaverunt
826 862 1012 946 subitoque
1034 869 1208 947 oppressis
1232 864 1341 948 ligna-

241 995 253 1044 ς
274 970 408 1036 toribus
429 977 558 1056 magna
579 977 684 1036 manti
705 971 748 1036 ad
770 982 881 1036 castra
901 972 1139 1057 oppugnanda
1160 978 1339 1037 venerunt.

275 1079 366 1146 Cum
387 1081 542 1145 celeriter
563 1085 673 1144 nostri
694 1100 790 1144 arma
811 1079 981 1163 cepissent
1003 1081 1201 1163 vellumque
1223 1101 1339 1145 ascen-

274 1189 416 1266 dissent,
435 1200 539 1274 atque
557 1195 626 1255 una
643 1210 688 1255 ex
707 1200 806 1273 parte
827 1189 993 1273 Hispanis
1010 1189 1186 1273 equitibus
1205 1189 1338 1256 emissis

273 1303 424 1380 equestri
440 1298 571 1382 proelio
588 1296 783 1381 superiores
800 1296 954 1376 luissent,
971 1298 1152 1381 desperetis
1168 1304 1205 1364 re
1221 1299 1339 1364 hostes

273 1411 354 1471 suos
381 1406 425 1471 ab
452 1406 717 1490 oppugnatione
745 1405 969 1470 reduxerunt.
1030 1405 1122 1470 Tum
1150 1413 1214 1472 suo
1242 1412 1340 1472 more

224 1543 255 1579 ιο
274 1515 590 1592 conclemeverunt,
616 1520 666 1579 uti
691 1514 796 1598 aliqui
821 1537 866 1579 ex
891 1521 1018 1578 nostris
1043 1515 1085 1579 ad
1112 1514 1338 1598 conloquium

274 1623 441 1706 prodiret:
461 1623 586 1688 habere
607 1629 691 1702 sese,
712 1644 800 1708 quae
819 1623 862 1688 de
882 1628 918 1687 re
938 1628 1117 1687 communi
1137 1623 1250 1688 dicere
1270 1625 1338 1690 vel-

272 1733 353 1809 lent,
371 1731 496 1816 quibus
514 1733 616 1798 rebus
633 1731 887 1797 controversias
904 1731 1012 1797 minui
1030 1753 1132 1816 posse
1149 1739 1337 1817 sperarent.

433 1937 589 1992 Amatam
594 1939 680 2008 gives
692 1937 873 1992 treacherous
885 1939 986 1992 advice
998 1945 1026 1993 to
1039 1938 1170 1992 Sabinus.

212 2087 255 2156 27
344 2059 498 2138 Mittitur
523 2074 565 2139 ad
594 2080 653 2139 eos
681 2074 915 2158 conloquendi
943 2080 1045 2139 cause
1073 2075 1110 2140 C.
1139 2074 1336 2159 Arpineius,

273 2204 378 2266 eques
401 2183 592 2258 Romanus,
615 2182 789 2247 lamiliiris
812 2182 855 2266 Q.
879 2182 1001 2260 Tituri,
1024 2193 1057 2249 et
1081 2184 1125 2267 Q.
1150 2183 1270 2248 lunius
1292 2205 1337 2248 ex

224 2318 251 2366 ις
273 2292 443 2376 Hispenie
460 2292 611 2376 quidam,
630 2298 690 2376 qui
706 2293 774 2358 iam
793 2304 874 2358 ante
892 2293 997 2358 missit
1016 2292 1171 2359 Caesaris
1189 2294 1232 2359 ad
1250 2294 1335 2359 Am-

272 2400 442 2486 biorigem
462 2401 630 2467 ventitare
650 2407 848 2479 censuerat;
867 2401 958 2484 apud
980 2408 1068 2485 quos
1088 2403 1274 2469 Ambiorix
1293 2404 1336 2470 ad

271 2510 364 2576 hunc
380 2510 525 2576 modum
542 2510 680 2575 locutus
696 2522 761 2576 est:
780 2509 862 2576 Sese
878 2517 942 2593 pro
959 2510 1114 2576 Caesaris
1131 2513 1164 2576 in
1182 2520 1218 2578 se
1234 2515 1336 2578 bene-

270 2618 355 2685 ficiis
371 2618 557 2704 plurimum
575 2625 605 2685 ei
621 2619 782 2686 cenfiteri
798 2620 932 2697 debere,
950 2621 1045 2704 quod
1062 2621 1136 2686 eius
1153 2629 1258 2705 operit
1275 2629 1354 2711 ⁵111

271 2728 399 2812 pendio
426 2729 589 2793 liberatus
615 2741 704 2793 esset
732 2727 825 2811 quod
853 2727 1047 2805 Atuatucis,
1074 2729 1229 2793 finitimis
1254 2735 1335 2807 suis,

220 2867 252 2904 20
271 2836 419 2920 pendere
433 2840 646 2914 consuesset,
662 2835 826 2919 quodque
839 2842 869 2900 ei
882 2846 916 2901 et
932 2836 1022 2901 lilius
1036 2847 1070 2903 et
1085 2836 1199 2902 lra'ttris
1214 2835 1337 2902 filiuse

269 2945 415 3011 Caesare
431 2943 562 3010 remissi
578 2955 703 3024 essent,
720 2952 808 3030 quos
823 2946 993 3012 Atuatuci
1009 2947 1171 3012 obsidum
1189 2951 1334 3011 numero

270 3055 394 3119 missos
410 3053 501 3137 apud
518 3058 554 3119 se
570 3053 603 3117 in
620 3054 785 3120 servitute
801 3065 835 3119 et
852 3061 982 3120 catenis
999 3055 1205 3132 tenuissent;
1223 3074 1335 3137 neque

270 3163 303 3226 id
323 3161 417 3245 quod
436 3161 552 3226 lecerit
572 3162 615 3227 de
634 3163 898 3247 oppugnetiene
917 3170 1109 3229 castrorum
1129 3174 1188 3228 aut
1207 3163 1336 3229 iudicis)

270 3281 328 3336 aut
351 3272 530 3336 voluntate
553 3277 614 3336 sue
636 3271 766 3349 fecisse,
789 3273 849 3338 sed
872 3278 995 3338 coectu
1019 3272 1182 3350 civitatis
1205 3293 1336 3355 suaque

219 3413 248 3462 25
270 3401 344 3447 esse
364 3380 437 3445 eius
458 3380 553 3445 modi
575 3380 728 3464 imperia,
749 3387 878 3447 utnon
899 3382 1013 3446 minus
1034 3381 1176 3447 haberet
1198 3380 1279 3446 iuris
1300 3382 1335 3446 in

270 3496 306 3556 se
325 3488 513 3554 multitudo
533 3511 637 3573 quam
657 3489 783 3573 ipsein
803 3489 1072 3555 multitudinem.

339 3598 479 3666 Civitz'tti
495 3605 600 3682 porro
616 3600 704 3664 hanc
721 3599 823 3666 luisse
839 3600 917 3664 belli
934 3620 1085 3677 causam,
1102 3599 1196 3683 quod
1215 3621 1335 3683 repen-

268 3716 359 3775 tinae
376 3707 554 3773 Gallorum
571 3707 803 3772 coniurationi
819 3707 975 3772 resistere
992 3713 1063 3772 non
1081 3709 1243 3791 potuerit.
1294 3709 1335 3774 Id

269 3826 306 3885 se
331 3817 427 3884 facile
454 3838 497 3881 ex
523 3816 718 3881 humilitate
743 3821 804 3881 sue
830 3817 977 3899 probare
1002 3837 1114 3899 posse,
1142 3817 1237 3900 quod
1263 3824 1334 3883 non

218 3963 250 4014 30
270 3928 356 3994 adeo
378 3926 420 3991 sit
442 3926 624 4017 imperitus
644 3931 769 4000 rerum,
792 3934 830 3988 ut
851 3930 920 3989 suis
941 3924 1051 4008 copiIs
1071 3925 1241 4013 populum
1263 3926 1335 4004 Ro-
