3044 4442
269 359 313 424 94
653 342 767 395 BELLl
793 342 952 395 GALLlCl

272 520 460 585 auctoritas
484 519 517 584 in
543 519 596 585 his
620 520 821 605 regienibus
846 527 965 605 magni
989 520 1192 598 habebatur,
1218 520 1335 586 mittit.

273 629 368 695 Huic
390 628 534 712 imperat
556 635 642 712 quas
664 628 773 712 possit
796 629 896 694 adeat
918 629 1085 706 civitates,
1108 629 1336 713 horteturque

272 747 310 803 ut
332 739 453 822 populi
476 737 628 803 Remini
650 737 754 803 fidem
776 748 967 822 sequantur
988 745 1093 823 seque
1115 739 1271 804 celeriter
1293 745 1336 804 ee

273 853 459 913 venturum
485 847 631 912 mintiet.
681 848 881 914 Volusenus
909 855 1097 933 perspectis
1124 848 1336 933 regienibus,

240 986 253 1036 ς
271 967 441 1040 quantum
459 963 491 1021 ei
508 955 679 1022 facultatis
697 956 769 1021 dari
787 957 912 1041 potuit,
931 965 990 1043 qui
1008 964 1088 1023 navi
1105 957 1225 1042 egredi
1243 965 1283 1024 ac
1301 965 1337 1025 se

273 1066 425 1130 barbaris
448 1065 667 1131 committere
690 1072 761 1130 nen
785 1067 938 1144 auderet,
963 1087 985 1132 v
1008 1067 1064 1134 die
1086 1068 1129 1133 ad
1154 1067 1337 1135 Caesarem

272 1174 463 1252 revertitur,
482 1195 640 1259 quaeque
658 1175 705 1240 ibi
723 1177 954 1260 perspexisset
973 1177 1157 1242 renuntiat.

402 1380 576 1434 Submz'sstbn
588 1382 624 1454 os
631 1381 680 1434 the
691 1383 816 1437 Mortui.
852 1383 1049 1452 Preparattbn
1062 1383 1098 1454 os
1105 1400 1124 1435 a
1129 1384 1207 1452 fleet.

213 1522 256 1574 22
343 1509 439 1574 Dum
456 1509 490 1573 in
509 1508 561 1573 his
580 1509 665 1573 locis
683 1508 809 1575 Caesar
827 1507 966 1573 navium
985 1509 1216 1592 parandairum
1235 1515 1338 1574 causti

274 1625 440 1696 moratur,
465 1640 510 1684 ex
534 1624 664 1702 magna
687 1631 784 1702 parte
810 1617 1032 1683 Morinorum
1057 1619 1099 1684 ad
1125 1640 1205 1683 eum
1230 1618 1338 1702 legati

225 1752 255 1788 ιο
272 1735 440 1794 venerunt
457 1734 517 1813 qui
532 1734 570 1793 se
584 1728 628 1793 de
644 1726 830 1811 superieris
848 1727 1015 1811 temporis
1032 1727 1177 1793 consilio
1194 1733 1337 1793 excisa-

273 1846 360 1915 rent,
374 1837 469 1921 quod
482 1836 641 1902 homines
654 1837 789 1901 barbari
802 1845 836 1900 et
850 1846 988 1903 nostrae
1002 1836 1263 1918 consuetudinis
1277 1836 1339 1900 im-

273 1953 374 2031 periti
391 1947 518 2012 bellum
537 1945 669 2029 populo
688 1945 851 2010 Romano
868 1944 1040 2023 iecissent,
1059 1953 1164 2030 seque
1182 1968 1231 2016 ea.
1250 1968 1338 2030 quae

271 2058 484 2141 imperasset,
514 2055 666 2120 facturos
696 2055 949 2138 pollicerentur.
1006 2056 1087 2121 Hec
1117 2056 1180 2122 sibi
1213 2056 1338 2122 Caesar

243 2241 247 2248 ,
272 2167 354 2232 satis
376 2173 576 2251 opportune
597 2167 761 2233 accidisse
783 2167 980 2244 arbitratus
1004 2167 1099 2250 quod
1123 2188 1235 2251 neque
1257 2177 1336 2250 post

224 2302 253 2349 ις
272 2288 411 2362 tergum
431 2277 568 2343 hostem
588 2277 781 2361 relinquere
802 2277 940 2342 volebat
961 2296 1073 2359 neque
1094 2276 1173 2341 belli
1193 2276 1337 2361 gerendi

271 2397 414 2471 propter
442 2393 525 2452 anni
554 2397 693 2472 tempus
723 2385 922 2462 facultatem
952 2385 1100 2452 habebat
1133 2408 1245 2471 neque
1276 2387 1337 2452 hes

271 2499 482 2563 tantularum
502 2505 617 2564 rerum
637 2499 886 2583 occupationes
907 2498 1103 2564 Britanniae
1124 2503 1336 2581 anteponen-

270 2606 332 2671 das
347 2606 531 2686 iudicabat,
549 2615 717 2693 magnum
735 2614 783 2674 eis
801 2630 984 2674 numerum
1000 2608 1162 2674 obsidum
1179 2607 1335 2691 imperat.

271 2715 410 2800 Quibus
427 2717 586 2783 adductis
603 2725 663 2783 eos
680 2717 716 2783 in
734 2718 838 2784 fidem
857 2719 987 2803 recipit.

222 2843 254 2882 20
341 2824 498 2892 Navibus
513 2826 649 2892 circiter
664 2845 768 2891 Lxxx
785 2828 951 2894 onerariis
967 2833 1096 2894 coaictis
1117 2825 1336 2910 [contractis-

271 2933 372 3018 que],
401 2945 488 3019 quot
516 2934 598 3000 satis
627 2957 701 3002 esse
730 2936 772 3003 ad
801 2936 886 3001 duas
915 2935 1200 3020 transportandas
1228 2932 1337 3017 legio-

271 3049 332 3109 nes
366 3043 597 3123 existimabat,
631 3046 727 3130 quod
762 3052 938 3130 praeterea
974 3045 1114 3112 nivium
1150 3045 1336 3128 longinum

270 3151 430 3229 habebat,
470 3160 656 3238 quaestori,
698 3156 820 3240 legatis
860 3154 1110 3238 praefectisque
1151 3150 1334 3218 distribuit.

271 3259 353 3326 Huc
368 3261 578 3329 accedebant
594 3283 694 3328 xvnr
711 3263 887 3329 onerariae
902 3269 1018 3341 neves,
1034 3284 1122 3346 quae
1137 3285 1182 3328 ex
1198 3268 1240 3327 eo
1258 3263 1336 3326 loco

222 3375 292 3443 asa
317 3369 455 3435 milibus
481 3393 644 3456 passuum
671 3392 744 3438 vm
771 3378 877 3438 vente
903 3372 1120 3448 tenebantur,
1149 3371 1336 3457 quominus

272 3478 478 3546 in-eundem
503 3492 643 3567 portum
668 3488 784 3548 venire
807 3491 948 3566 possent
956 3503 964 3560 ;
987 3481 1049 3547 hes
1073 3481 1247 3566 equitibus
1269 3478 1336 3544 dis-

272 3589 401 3657 tribuit.
452 3591 639 3675 Reliquum
665 3590 858 3656 exercitum
883 3590 1019 3656 Titurio
1046 3591 1176 3658 Sabini)
1202 3601 1236 3656 et
1264 3589 1336 3654 Au-

270 3700 448 3765 runculeie
463 3698 588 3766 Cottae
600 3701 724 3784 legatis
738 3699 772 3763 in
787 3699 970 3783 Menapies
983 3711 1087 3785 atque
1102 3699 1136 3764 in
1151 3705 1211 3765 eos
1226 3705 1337 3784 pagos

272 3807 505 3885 Morinorum,
524 3815 542 3874 a
561 3809 686 3892 quibus
705 3809 746 3872 ad
766 3829 845 3873 eum
864 3809 970 3892 legati
987 3815 1058 3874 non
1078 3815 1255 3883 venerant,
1275 3809 1337 3874 du-

271 3917 419 3983 cendum
450 3916 555 3982 dedit.
610 3915 802 4000 Sulpicium
835 3916 965 3982 Rufum
996 3918 1151 4001 legatum
1183 3939 1264 3983 cum
1294 3922 1337 3983 eo
