3044 4442
513 313 628 365 maaa
656 315 688 365 v.
717 314 800 367 cna
826 326 938 383 33-35·
1026 393 1030 400 Ι

499 537 637 609 Canning
648 541 750 593 tactics
761 539 797 611 os
805 540 969 595 Ambiorix.

267 651 316 718 At
348 653 502 718 barbaris
534 654 716 720 consilium
750 661 820 720 non
854 654 972 721 deluit.
1035 653 1127 720 Nam
1160 653 1266 719 duces
1283 669 1326 736 34

199 767 321 828 eorum
342 768 417 828 tote
437 762 509 828 acie
530 764 748 848 pronontieri
767 765 940 830 iusserunt
961 763 1102 848 nequis
1123 764 1166 829 ab
1187 764 1266 829 loco

200 871 405 937 discederet:
431 871 569 936 illorum
595 893 668 937 esse
693 872 857 957 praedam
881 884 986 956 atque
1011 871 1075 937 illis
1100 877 1266 938 reserveri

200 1000 439 1064 quaecumque
469 979 620 1046 Romoni
647 980 880 1065 reliquissent;
909 981 1055 1065 proinde
1084 981 1202 1047 omnia
1230 981 1265 1046 in

199 1088 343 1154 victorio
362 1089 475 1173 posita
494 1089 743 1155 existimerent.
800 1089 927 1173 [Erant
946 1101 985 1156 et·
1000 1090 1128 1156 virtote
1149 1101 1182 1156 et
1203 1111 1265 1156 nu·
1285 1119 1298 1169 ς

200 1203 296 1263 mero
318 1197 498 1282 pugnandi
519 1198 647 1284 pares]
702 1198 833 1276 Nostri,
856 1205 994 1265 tametsi
1015 1201 1057 1264 ab
1080 1201 1168 1266 duce
1190 1211 1224 1266 et
1245 1206 1266 1266 e
1334 1263 1339 1272 .

199 1305 341 1371 fortuna
366 1307 625 1387 deserebantur,
650 1318 767 1373 tamen
793 1330 934 1374 omnem
960 1330 1057 1394 spem
1083 1309 1204 1374 salotis
1229 1309 1264 1373 in

198 1414 325 1480 virtote
347 1417 535 1500 ponebant,
557 1426 590 1481 et
612 1417 774 1500 quotiens
796 1438 953 1500 quaeque
975 1418 1101 1483 cohors
1123 1423 1264 1502 procur-

193 1521 299 1602 ¹rerat,
322 1524 366 1588 ab
388 1529 429 1589 ea
452 1534 548 1608 parte
571 1530 721 1608 magnus
743 1546 908 1590 numerus
931 1525 1086 1590 hostium
1109 1525 1262 1591 cadebat.

200 1632 281 1716 Quo
308 1638 345 1699 re
372 1631 612 1698 animadversa
638 1632 825 1699 Ambiorix
854 1633 1071 1718 pronuntiari
1101 1634 1195 1700 iubet
1225 1646 1264 1700 ut
1285 1666 1316 1703 10

198 1743 318 1825 procul
340 1742 408 1807 tela
428 1741 576 1807 coiciant
597 1763 664 1807 neu
686 1742 828 1826 propius
849 1743 1025 1820 accedant,
1047 1755 1081 1809 et
1102 1764 1207 1827 quam
1229 1742 1264 1808 in

198 1861 330 1934 partem
363 1850 514 1915 Romoni
545 1849 714 1934 impetum
746 1849 900 1928 fecerint,
932 1850 1071 1930 cedant;
1110 1852 1265 1936 [levitote

198 1965 376 2024 armorum
404 1969 438 2024 et
467 1958 642 2024 cotidiana
671 1959 920 2025 exercitatione
950 1959 1034 2025 nihil
1064 1960 1117 2025 his
1145 1966 1263 2026 noceri

198 2067 328 2153 posse]
354 2073 472 2134 torsus
493 2075 529 2134 se
549 2068 592 2133 ad
614 2075 714 2154 signa
734 2067 939 2152 recipientes
960 2075 1196 2153 Insequantur.

389 2239 533 2314 Thefight
537 2256 607 2311 goes
618 2239 738 2310 steadily
750 2242 870 2311 agathst
880 2239 929 2294 the
937 2239 1074 2295 Romans.

265 2355 348 2440 Quo
364 2362 550 2440 praecepto
561 2357 608 2444 ‘ab
624 2363 673 2422 eis
689 2356 952 2441 diligentissime
968 2356 1166 2434 observeto,
1182 2376 1263 2421 cum
1279 2372 1322 2441 35

196 2465 379 2549 quaepiam
406 2465 533 2530 cohors
559 2487 603 2531 ex
630 2466 714 2531 orbe
740 2476 934 2531 excesserat
961 2475 1065 2549 atque
1091 2464 1263 2548 impetum

196 2574 333 2652 lecerat,
357 2575 476 2641 hostes
500 2574 715 2640 velocissime
739 2574 966 2659 refugiebant.
1017 2573 1162 2639 Interim
1186 2593 1263 2638 eam

196 2695 329 2767 partem
349 2683 473 2748 norliri
493 2704 632 2748 necesse
652 2693 723 2747 erat
743 2693 776 2748 et
796 2683 840 2747 ab
859 2683 964 2747 latere
983 2688 1105 2765 aperto
1124 2682 1192 2747 tela
1211 2702 1262 2746 re-

196 2791 319 2876 cipere.
370 2791 514 2868 RorsuS,
537 2812 617 2856 cum
639 2791 674 2855 in
696 2812 776 2856 eum
799 2791 926 2868 locum,
949 2791 1041 2856 unde
1064 2801 1161 2856 erant
1183 2796 1262 2874 pro-

196 2906 305 2984 gressi
327 2905 450 2965 reverti
473 2910 671 2983 coeperant,
693 2908 728 2964 et
750 2900 793 2964 ab
815 2905 863 2965 eis
886 2904 946 2982 qui
968 2910 1140 2964 cesserant
1162 2909 1196 2964 et
1219 2901 1261 2965 ab
1281 2925 1313 2962 20

195 3013 253 3085 εἰς,
268 3015 327 3092 qui
342 3008 493 3092 proximi
508 3017 674 3074 steterant
688 3006 1048 3073 circumveniebantur
1054 3029 1061 3087 ;
1077 3013 1129 3073 sin
1145 3018 1263 3073 autern

197 3118 312 3182 locum
338 3122 456 3182 tenere
481 3117 619 3193 vellent,
646 3136 709 3181 nec
735 3115 855 3182 virtuti
881 3116 978 3181 locus
1004 3115 1263 3200 relinquebotur

196 3247 308 3309 neque
324 3226 367 3291 ab
383 3231 480 3290 tanta
495 3223 717 3290 multitirdine
733 3223 891 3290 coniecta
906 3224 974 3289 tela
991 3224 1138 3290 conferti
1154 3231 1262 3291 vitore

195 3344 367 3418 poterant.
416 3333 550 3399 Tamen
577 3343 630 3398 tot
657 3332 890 3398 incommodis
917 3333 1118 3412 conflicteti,
1145 3335 1262 3400 multis

196 3444 395 3509 vulneribus
421 3448 582 3526 acceptis,
609 3441 829 3520 resistebant;
854 3451 889 3507 et
916 3448 1046 3526 magni
1071 3454 1168 3526 parte
1195 3442 1262 3509 diei
1280 3472 1311 3522 ις

196 3559 415 3637 consompta't,
437 3573 517 3618 cum
538 3558 558 3618 o
580 3557 691 3635 prima
711 3551 787 3617 loce
807 3551 850 3616 ad
872 3551 995 3617 horam
1017 3558 1178 3619 octovam
1198 3558 1260 3637 po-

196 3669 374 3748 gnaretur,
400 3662 483 3728 nihil
508 3663 603 3747 quod
629 3661 711 3747 ipsis
736 3672 826 3728 esset
852 3661 1037 3746 indignum
1062 3661 1263 3728 committe·
1305 3745 1310 3750 .

195 3770 290 3836 bant.
314 3770 405 3835 Turn
419 3770 458 3835 T.
475 3769 667 3848 Balventio,
682 3775 742 3854 qui
755 3769 931 3854 superiore
945 3775 1037 3834 anno
1052 3769 1201 3852 primum
1216 3775 1263 3853 pi-

196 3881 267 3946 lum
286 3881 445 3960 doxerat,
466 3881 539 3946 viro
557 3881 640 3947 lorti
658 3890 692 3946 et
712 3886 859 3965 mognae
879 3878 1108 3951 auctoritatis.
1129 3891 1263 3943 utrum-
