3044 4442
238 329 282 392 66
629 331 741 386 BELLI
768 332 926 387 GALLICI

242 510 349 594 pulsis
371 509 564 589 Germanls,
585 511 685 577 victis
705 511 741 576 in
761 512 908 596 Alpibus
929 509 1106 596 sedunis]
1133 521 1238 595 atque
1258 511 1306 577 ita

241 617 326 684 inita
343 618 456 685 hieme
471 619 505 684 in
524 603 700 704 illyricum
718 620 896 705 proiectus
913 631 1014 700 esset,
1031 621 1126 705 quod
1144 627 1202 686 eas
1220 643 1306 705 quo-

240 749 307 812 que
325 728 484 794 natianas
502 729 596 794 adire
613 739 648 794 et
668 729 830 815 regiones
847 736 1061 816 cagnascere
1079 730 1231 809 volabat,
1251 750 1307 795 su-

242 836 354 902 bitum
375 838 504 903 bellum
526 837 561 903 in
584 837 695 904 Gallia
717 839 881 905 coiirtum
902 849 965 904 est.
1014 820 1099 904 Eius
1120 838 1200 904 belli
1223 839 1306 904 haec

208 945 305 1016 sluit
335 967 447 1012 causa.
501 946 539 1013 P.
571 946 715 1014 Crassus
744 947 947 1014 adulescens
975 969 1055 1014 cum
1083 947 1221 1032 legiane
1250 966 1306 1012 vn

242 1055 424 1141 proximus
450 1078 543 1123 mare
570 1040 753 1124 Oceanum
778 1055 812 1122 in
837 1056 998 1123 Andibus
1023 1055 1209 1122 hiemabat.
1260 1055 1305 1135 Is,

241 1165 336 1249 quod
358 1165 393 1230 in
415 1167 467 1231 his
488 1167 573 1232 locis
595 1166 713 1252 inopia
734 1166 900 1232 frumenti
922 1176 1006 1245 erat,
1030 1165 1224 1250 praelectas
1247 1165 1307 1230 tri-

243 1273 425 1358 bsmasque
444 1275 593 1340 militum
611 1275 808 1359 complures
827 1275 862 1340 in
880 1274 1045 1340 finitimas
1064 1273 1220 1341 civitates
1238 1273 1306 1339 ira·

242 1390 351 1449 menti
369 1391 472 1451 causa
489 1384 633 1465 dimisit;
652 1390 722 1469 qua
742 1385 777 1449 in
796 1390 942 1451 numera
961 1395 1013 1450 est
1033 1383 1073 1449 T.
1093 1382 1306 1448 Terrasidius

192 1514 223 1550 10
242 1493 367 1558 missus
388 1494 422 1558 in
445 1495 605 1572 Esuvias,
630 1495 678 1559 M.
703 1493 849 1560 Trebius
872 1492 990 1559 Gallus
1011 1493 1047 1558 in
1070 1491 1306 1562 Coriosolitas.

243 1603 287 1686 Q.
306 1602 471 1668 Velanius
487 1624 567 1668 cum
583 1604 623 1669 T.
642 1602 727 1671 Silia
744 1603 778 1668 in
795 1603 963 1669 Venetas,

299 1755 357 1810 The
372 1757 473 1810 Veneti
481 1758 553 1810 seiae
565 1757 676 1810 Roman
689 1773 866 1828 messengers.
882 1757 946 1811 and
953 1757 1021 1811 lead
1029 1773 1048 1811 a
1061 1757 1153 1811 revolt
1164 1757 1200 1829 qs
1207 1755 1256 1810 tlu

644 1841 794 1892 maritime
805 1839 900 1894 tribes.

200 1942 222 2008 8
313 1947 429 2013 Huius
463 1958 514 2014 est
549 1949 698 2014 civitatis
733 1950 839 2034 longe
873 1947 1083 2033 amplissima
1118 1949 1306 2014 auctaritas

240 2056 354 2121 omnis
370 2062 451 2122 arae
469 2055 663 2123 maritimae
681 2057 865 2141 regianum
884 2063 1012 2134 earum,
1033 2057 1128 2140 quod
1148 2069 1181 2122 et
1201 2064 1307 2123 navas

240 2165 368 2232 habent
385 2166 513 2232 Veneti
527 2166 701 2250 plurimas
718 2165 843 2250 quibus
857 2165 891 2230 in
910 2164 1125 2230 Britanniam
1141 2165 1306 2250 navigare

191 2297 219 2347 rs
242 2281 466 2354 clausurarum,
493 2285 528 2340 et
555 2274 700 2340 scientia
724 2285 831 2358 atque
856 2280 920 2340 usu
945 2282 1060 2340 rarum
1086 2274 1304 2340 nauticarum

242 2391 378 2450 ceteras
403 2384 615 2451 antecedunt
642 2393 677 2449 et
705 2382 740 2448 in
767 2389 898 2469 magna
924 2382 1058 2468 impetu
1085 2383 1189 2448 maris
1215 2388 1305 2449 vasti

242 2505 346 2579 atque
373 2499 483 2578 aperti
510 2499 628 2578 paucis
654 2493 816 2578 portibus
841 2492 1039 2571 interiectis,
1067 2498 1156 2578 quas
1183 2502 1305 2560 tenent

241 2604 315 2690 ipsi,
342 2611 464 2670 omnes
491 2603 561 2669 lere
588 2610 646 2688 qui
672 2609 715 2669 ea
742 2609 827 2669 mari
853 2609 906 2668 ati
933 2609 1146 2669 cansuarunt
1175 2604 1305 2669 habent

241 2714 438 2798 vectigalas.
496 2712 553 2777 Ab
585 2711 637 2777 his
669 2710 707 2776 fit
737 2711 873 2776 initium
906 2711 1077 2776 retinendi
1109 2711 1170 2778 Sili
1202 2722 1306 2794 atque

190 2849 223 2886 ω
244 2822 378 2900 Velani,
399 2820 493 2906 quod
514 2841 576 2904 per
594 2825 655 2885 eas
676 2825 758 2885 suas
778 2826 815 2885 se
834 2819 973 2885 obsides
993 2825 1081 2904 quas
1103 2819 1228 2886 Crassa
1249 2820 1307 2886 de-

241 2932 382 3010 dissent,
404 2935 670 3016 recuperaturus
691 2929 948 2995 existimabant.
995 2929 1136 2995 Harum
1156 2928 1307 2995 auctari-

242 3049 317 3109 tate
336 3041 473 3107 finitimi
490 3040 745 3107 adducti—ut
765 3049 846 3104 sunt
869 3037 1048 3104 Gallarum
1069 3038 1182 3104 subita
1201 3049 1236 3104 et
1257 3059 1307 3103 re-

243 3158 386 3237 pentina
410 3148 745 3217 scansilia—eadem
770 3148 814 3215 da
839 3155 942 3215 causa
967 3147 1132 3214 Trebium
1157 3147 1308 3214 Terrasi-

243 3262 408 3346 diumque
431 3261 599 3339 retinent;
623 3270 657 3326 et
681 3257 838 3326 celeriter
860 3258 971 3324 missis
995 3258 1121 3342 legatis
1143 3278 1204 3342 per
1227 3263 1308 3323 suas

192 3397 222 3447 ²5
242 3371 414 3455 principes
429 3369 522 3436 inter
537 3377 572 3436 se
587 3369 771 3436 coniurant
788 3367 871 3434 nihil
888 3367 951 3433 nisi
968 3373 1148 3434 commimi
1163 3367 1308 3434 cansilia

243 3486 382 3545 actaras
403 3479 622 3562 eundemque
642 3485 765 3544 omnas
786 3477 946 3542 fortunae
968 3475 1104 3542 exitum
1125 3497 1199 3542 csse
1220 3476 1308 3541 latti-

244 3595 315 3665 ras3
336 3586 554 3670 reliquasque
574 3587 734 3653 civitates
757 3585 944 3652 sollicitant
969 3596 1008 3651 ut
1032 3585 1066 3650 in
1088 3591 1129 3651 ea
1150 3585 1309 3650 libertate

243 3717 347 3782 quam
366 3702 386 3762 a
406 3694 594 3762 maiaribus
614 3694 810 3781 accaperint
832 3700 1032 3779 permanare
1054 3714 1158 3778 quam
1180 3693 1309 3759 Rama-

246 3815 373 3874 narum
398 3805 602 3873 servitutem
627 3805 777 3890 perferre
802 3803 933 3870 malint.
985 3803 1094 3870 Omni
1120 3809 1182 3869 ara
1207 3800 1308 3868 mari-

210 3949 226 3985 o
245 3917 331 3983 tima
354 3915 512 3982 celeriter
534 3914 578 3980 ad
602 3936 700 3980 suam
724 3911 933 3980 sententiam
959 3911 1128 3997 perducta
1152 3917 1310 3977 comma·
