3044 4442
535 319 652 372 LIBER
679 320 730 373 lll.
757 321 840 374 CAP.
869 335 944 390 1-3.

480 544 625 615 Uprt'stirg
636 544 672 617 os
680 544 729 599 the
739 547 890 599 mountain
903 547 997 601 tribes.

273 669 364 738 Cum
392 669 465 736 dies
492 670 717 736 hibernorum
745 672 943 757 complures
971 679 1175 741 transissent
1203 673 1312 741 fro-2

202 793 433 866 mentumque
461 787 504 847 eo
534 788 750 867 comportari
778 780 944 861 iussisset,
976 782 1094 850 subito
1123 805 1183 869 per
1212 806 1272 850 ex·

204 1003 245 1067 lis
261 1012 479 1068 concesserat
497 1008 619 1068 omnes
636 1012 743 1068 noctu
762 1002 968 1080 discessisse,
987 1008 1194 1087 montesque
1212 1008 1272 1087 qui

203 1109 445 1195 impenderent
478 1117 499 1178 a
531 1110 685 1178 maxima
718 1111 945 1178 multitudine
979 1111 1201 1178 Sedunorum
1235 1122 1304 1190 et5

206 1221 445 1305 Veragrorum
469 1227 588 1287 teneri.

275 1329 316 1395 Id
336 1329 468 1413 aliquot
490 1330 533 1395 de
554 1335 666 1395 causis
686 1329 859 1396 acciderat
879 1341 919 1395 ut
941 1329 1059 1396 subito
1081 1329 1171 1396 Galli
1192 1330 1271 1397 belli

203 1439 394 1504 renovandi
426 1438 643 1523 legionisque
676 1438 924 1522 opprimendae
957 1438 1140 1504 consilium
1172 1458 1271 1525 cape-

203 1558 295 1614 rent:
325 1555 486 1632 primum,
518 1531 624 1632 quod
644 1547 979 1634 legionem-neque
1010 1569 1087 1614 eam
1116 1547 1271 1632 plenissi-

202 1679 295 1723 mam
316 1658 484 1724 detractIs
503 1657 710 1724 cohortibus
731 1658 866 1724 duabus
886 1668 921 1724 et
944 1656 1182 1741 compluribus
1203 1657 1270 1723 sin·
1291 1690 1322 1727 ro

202 1767 361 1853 gillatim,
380 1774 439 1853 qui
456 1773 674 1834 commeatus
692 1767 832 1852 petendi
850 1773 953 1833 causa
972 1765 1066 1832 missi
1083 1777 1192 1845 erant,
1212 1767 1270 1832 ab·

202 1878 548 1961 sentibus-propter
568 1876 779 1961 paucitatem
800 1875 1050 1960 despiciebant;
1071 1886 1147 1940 tum
1167 1874 1272 1940 etiam

203 1987 299 2071 quod
319 1996 465 2071 propter
486 1985 708 2071 iniquitatem
730 1986 808 2063 loci,
832 2006 913 2051 curn
935 1984 999 2069 ipsi
1022 2005 1067 2050 ex
1090 1984 1270 2050 montibus

201 2095 237 2160 in
252 2096 376 2162 vallem
391 2096 613 2161 decurrerent
629 2104 665 2161 et
683 2095 753 2161 tela
767 2093 952 2174 coicerent,
969 2100 1014 2160 ne
1029 2100 1180 2179 primum
1196 2092 1270 2179 qui-

201 2207 280 2272 dem
297 2205 467 2289 impeturn
484 2225 586 2270 suum
602 2225 703 2288 posse
719 2203 880 2270 sustineri
896 2203 1152 2269 existimabant.
1202 2202 1270 2267 Ac·
1290 2238 1320 2290 15

202 2314 360 2392 cedebat,
385 2314 480 2398 quod
504 2320 586 2380 suos
608 2313 652 2379 ab
675 2320 711 2379 se
734 2313 861 2379 liberos
884 2313 1082 2379 abstractos
1107 2312 1269 2379 obsidum

202 2423 342 2489 nomine
371 2423 548 2502 dolebant,
581 2433 616 2488 et
648 2423 830 2489 Romanos
860 2429 931 2487 non
960 2423 1074 2488 solum
1105 2421 1270 2488 itinerum

201 2539 305 2599 causa
318 2533 378 2599 sed
394 2531 500 2599 etiam
514 2543 701 2616 perpetuae
716 2531 945 2616 possessionis
960 2530 1111 2599 culmina
1126 2531 1271 2617 Alpium

202 2648 373 2726 occupare
394 2647 512 2707 conari
533 2651 567 2706 et
587 2661 627 2706 ea
647 2641 722 2706 loca
742 2639 909 2706 finitimae
931 2640 1129 2724 provinciae
1149 2640 1270 2706 adiun-

202 2772 285 2836 gere
305 2751 369 2816 sibi
390 2756 594 2835 persuasum
616 2749 799 2815 habebant.
1287 2783 1321 2822 ao

500 2920 591 2975 Galba
603 2919 684 2974 holds
695 2938 714 2974 a
726 2922 841 2976 council
849 2922 885 2994 of
892 2938 966 2976 war.

269 3036 338 3102 His
364 3035 496 3101 nuntiis
522 3042 675 3120 acceptis
704 3035 823 3115 Galba,
853 3058 933 3103 cum
962 3058 1074 3121 neque
1102 3058 1191 3121 opus
1218 3037 1307 3116 hi-3

200 3146 388 3211 bernerum
406 3145 690 3229 munitionesque
709 3144 810 3230 plene
828 3155 943 3212 essent
964 3146 1137 3231 perlectae
1156 3167 1269 3231 neque

201 3256 245 3321 de
270 3254 447 3321 frumento
473 3255 675 3340 reliquoque
701 3261 899 3321 commeatu
927 3255 1011 3322 satis
1037 3266 1126 3322 esset
1153 3261 1268 3340 provi-

201 3386 288 3442 sum,
311 3365 405 3449 quod
428 3365 608 3432 deditione
629 3364 721 3431 lacta
741 3364 989 3449 obsidibusque
1009 3371 1162 3449 acceptis
1184 3363 1268 3429 nihil

200 3476 243 3539 de
275 3473 366 3540 bello
399 3473 595 3539 timendum
628 3473 900 3550 existimaverat,
934 3473 1080 3539 consilio
1114 3473 1268 3540 celeriter
1287 3495 1318 3547 25

200 3588 398 3649 convocato
418 3582 609 3649 sententias
628 3590 809 3668 exquirere
822 3581 953 3667 coepit.
999 3582 1083 3668 Quo
1102 3582 1136 3648 in
1156 3581 1268 3648 consi-

200 3692 257 3770 lio,
279 3713 360 3758 cum
384 3703 524 3758 tantum
547 3699 719 3777 repentini
740 3692 883 3776 periculi
906 3702 1043 3776 praeter
1066 3691 1268 3775 opinionem

199 3801 392 3880 accidisset,
407 3809 447 3868 ac
460 3801 529 3867 iam
543 3801 661 3868 omnia
675 3801 746 3868 lere
760 3801 938 3886 superiora
950 3801 1028 3866 loca
1042 3799 1268 3866 multitudine

198 3917 414 3978 armatorum
442 3911 619 3996 completa
647 3909 941 3995 conspicerentur,
973 3930 1085 3994 neque
1114 3906 1268 3974 subsidio
