3044 4442
523 374 639 426 maan
666 375 699 426 v.
726 375 809 428 cna.
834 373 948 442 46-49·
1215 394 1271 458 ¹33

205 552 374 618 sustinere
396 559 467 618 nan
490 563 618 638 posset,
641 553 842 638 praesertim
864 559 953 637 quas
974 561 1104 620 recenti
1126 553 1271 621 victbria
1380 601 1384 608 -

204 661 319 727 efferri
336 668 450 740 sciret,
468 662 598 728 litteras
617 661 754 729 Caesari
771 662 916 728 remittit
934 669 1065 746 quanta
1084 684 1164 728 cum
1183 670 1270 749 peri-

204 771 283 836 cula
299 771 474 856 legir'mem
489 793 534 837 ex
551 771 703 837 hibernis
718 771 907 837 educturus
923 783 1027 850 esset;
1045 793 1117 837 rem
1135 783 1270 856 gestam

203 880 238 944 in
259 879 484 945 Eburanibus
502 880 697 965 perscribit;
716 880 819 946 docet
839 886 961 946 omnies
981 881 1155 964 equitatus
1176 881 1270 965 pedi-

204 993 366 1072 tatusque
390 988 508 1073 ccipias
531 988 764 1054 Treverbrurn
789 1007 835 1053 111
860 989 953 1054 milia
976 1010 1141 1074 passuum
1165 991 1303 1075 longas

204 1098 247 1164 ab
263 1104 334 1164 suis
351 1104 470 1163 castris
487 1097 694 1164 causedisse.

323 1267 352 1322 A
365 1267 448 1320 letter
459 1267 522 1320 tz'ed
530 1273 558 1321 to
570 1285 589 1321 a
601 1268 672 1322 dart
684 1271 710 1321 is
721 1268 835 1322 thrown
848 1271 910 1322 tirio
924 1268 1043 1326 Ct'cero's
1053 1273 1145 1339 camp.

273 1375 399 1443 Caesar
424 1376 569 1444 consilia
594 1377 668 1443 eius
694 1379 854 1462 probata,
882 1384 945 1443 etsi
972 1378 1136 1462 opiniane
1164 1378 1268 1443 trium
1286 1391 1329 1471 48

202 1485 382 1570 legidnum
396 1485 550 1550 deiectus
565 1485 608 1551 ad
623 1485 708 1550 duas
724 1486 901 1564 reciderat,
918 1497 1033 1552 tamen
1050 1493 1159 1551 anum
1174 1508 1269 1552 com-

202 1600 299 1659 muni
313 1595 413 1659 saluti
427 1594 596 1660 auxilium
610 1595 644 1659 in
659 1595 832 1660 celeritate
848 1596 1009 1679 panebat.
1050 1596 1156 1662 Venit
1172 1603 1269 1681 mag-

203 1710 254 1768 nis
270 1703 449 1769 itineribus
466 1704 500 1768 in
518 1703 550 1769 N
554 1703 729 1769 erviarum
745 1703 841 1770 finas.
892 1705 945 1769 Ibi
962 1726 1007 1770 ex
1023 1711 1168 1788 captivis
1186 1712 1268 1790 cag-
1290 1743 1320 1778 10

203 1813 315 1878 nascit
342 1834 430 1897 quac
457 1812 549 1897 apud
578 1812 783 1879 Ciceranem
811 1824 977 1897 gerantur
1004 1820 1206 1897 quantaque
1233 1814 1268 1878 in

204 1923 356 2006 pericula
371 1928 425 1987 res
439 1922 492 1988 sit.
542 1921 633 1986 Tum
649 1921 786 1987 cuidam
801 1944 846 1987 ex
861 1922 1034 2005 equitibus
1051 1922 1156 1989 Gallis
1172 1929 1268 2008 mag-

203 2038 255 2096 nis
272 2032 433 2116 praemiis
452 2031 636 2116 persuadet
654 2038 704 2096 uti
722 2031 765 2097 ad
785 2031 990 2099 Cicerbnem
1009 2032 1192 2115 epistulam
1211 2032 1269 2098 de-

203 2140 297 2207 lerat.
349 2141 451 2207 Hanc
470 2141 610 2207 Graecis
629 2148 860 2225 canscriptam
879 2141 1000 2207 litteris
1019 2141 1136 2218 mittit,
1157 2148 1200 2207 na
1219 2141 1268 2206 in-

203 2257 357 2334 tercepta
382 2251 528 2334 epistula
554 2262 672 2316 nostra
696 2252 739 2316 ab
766 2251 924 2317 hostibus
951 2251 1093 2317 cansilia
1118 2257 1317 2336 dignas-15

203 2371 336 2426 cantur.
382 2359 418 2426 Si
440 2361 533 2427 adire
555 2367 625 2427 nan
645 2361 767 2446 possit,
790 2372 910 2427 monet
931 2372 970 2427 ut
994 2363 1166 2447 tragulam
1188 2384 1268 2427 curn

202 2469 350 2552 epistula
367 2470 409 2535 ad
426 2477 606 2536 amentum
625 2471 779 2556 deligata
795 2471 887 2536 intra
905 2471 1119 2537 mimitianas
1136 2478 1267 2537 castra-

203 2599 279 2644 rum
298 2579 432 2645 abiciat.
483 2579 524 2644 In
542 2578 664 2645 litteris
683 2579 800 2645 scribit
818 2587 855 2645 sa
874 2601 954 2646 cum
973 2576 1170 2665 legir'mibus
1191 2602 1269 2664 pro-

203 2688 332 2754 iectum
357 2688 513 2755 celeriter
537 2689 671 2766 adfore;
696 2689 866 2766 hortatur,
892 2700 929 2754 ut
956 2689 1134 2773 pristinam
1162 2691 1267 2756 virtti-

203 2807 274 2862 tem
294 2797 451 2864 retineat.
503 2797 621 2864 Gallus
641 2800 833 2882 periculum
854 2799 994 2877 veritus,
1016 2810 1054 2864 ut
1077 2810 1149 2865 erat
1171 2821 1266 2885 prae·
1287 2833 1319 2871 20

202 2917 352 2990 ceptum,
372 2908 547 2992 tragulam
564 2907 686 2974 mittit.

273 3014 372 3081 Haec
386 3021 466 3081 casti
482 3015 524 3081 ad
540 3017 661 3081 turrim
677 3015 842 3091 adhaesit,
858 3038 969 3100 neque
984 3024 1003 3082 a
1019 3024 1145 3083 nostris
1161 3017 1268 3084 bidub

202 3122 450 3199 animadversa,
477 3123 580 3190 tertia
606 3124 661 3190 dia
687 3131 707 3189 a
733 3124 885 3208 quddam
912 3126 1019 3191 milite
1045 3127 1267 3210 canspicitur,

200 3232 399 3315 demptam
417 3233 622 3299 Cicerdncm
639 3232 800 3300 dafertur.
852 3234 912 3299 Ille
930 3235 1116 3318 perlectam
1133 3236 1167 3300 in
1186 3258 1268 3302 con-

201 3347 307 3407 ventri
322 3342 470 3408 militum
487 3342 606 3416 recitat
622 3341 844 3426 maximaque
860 3351 981 3408 omnes
997 3343 1125 3410 laetitia
1140 3345 1266 3411 adficit.
1287 3383 1317 3432 25

202 3449 293 3515 Tum
321 3450 406 3515 lami
434 3451 674 3516 incendiarum
702 3452 823 3534 procul
851 3452 1071 3532 videbantur;
1099 3475 1187 3536 quae
1215 3461 1268 3520 ras

201 3580 343 3625 omnem
364 3559 619 3626 dubitatianem
640 3558 810 3626 adventas
832 3560 1010 3645 legibnum
1034 3562 1177 3645 expulit.

460 3730 519 3786 The
532 3730 622 3785 σανὶς
634 3747 713 3785 move
723 3731 769 3801 aff
775 3735 804 3785 to
815 3735 886 3785 meet
899 3731 1013 3786 Caesar.

269 3840 357 3908 Galli
376 3847 413 3907 ra
430 3839 573 3924 cagnita
592 3862 652 3924 per
670 3840 909 3926 explbratares
928 3841 1147 3907 obsidianem
1167 3843 1267 3909 relin-
1284 3878 1328 3946 49

199 3962 325 4048 quunt;
340 3951 382 4016 ad
399 3950 582 4016 Caesarem
598 3948 760 4016 omnibus
775 3948 884 4038 capiis
900 3949 1127 4018 contendunt.
1169 3953 1266 4020 Haec
