3014 4452
610 281 722 336 BELLI
750 281 909 336 GALLICI

543 527 572 579 Α
591 532 750 597 stratagem
771 527 807 597 os
821 526 971 579 Labienus.

162 660 204 728 60
291 653 413 737 Itaque
431 653 494 718 sub
511 673 694 736 vesperum
711 651 855 718 consilio
873 658 1069 717 convocato
1085 653 1288 719 cohortitus
1380 734 1385 740 Ι

221 772 260 826 ut
283 782 431 844 eaquae
453 761 653 845 impertisset
675 761 861 846 diligenter
882 760 1121 845 industrieque
1142 761 1286 827 admini-

219 877 380 950 stn'nent,
413 876 526 948 nives
559 877 644 954 quis
677 869 877 936 Metiosedo
908 870 1102 936 deduxerat
1134 871 1286 956 singulis

222 981 407 1066 equitibus¹
423 981 788 1060 Romanisattribuiu
816 990 850 1046 et
877 986 989 1065 primi
1015 982 1173 1048 confecti
1200 981 1287 1067 vigi·

188 1111 201 1160 5
222 1091 265 1156 lizi
280 1111 342 1155 1111
358 1091 450 1157 mih'a
464 1113 629 1175 passuum
643 1091 797 1157 secundo
812 1090 955 1156 flumine
971 1091 1108 1157 silentio
1124 1090 1287 1176 progredi

222 1199 337 1283 ibique
360 1207 396 1265 se
418 1206 619 1284 exspectare
641 1199 746 1265 iubet.
796 1200 830 1266 V
852 1201 1015 1266 cohortes
1036 1206 1122 1284 quis
1145 1199 1286 1266 minime

221 1308 338 1373 firmis
359 1309 401 1373 ad
424 1308 659 1374 dimicandum
681 1330 755 1375 esse
777 1309 998 1376 existimabat
1021 1315 1140 1376 castris
1162 1308 1285 1394 praesi-

222 1417 281 1482 dio
309 1417 485 1501 relinquit;
512 1437 536 1483 v
564 1417 719 1483 eiusdem
748 1419 896 1503 legionis
924 1419 1073 1503 reliquis
1102 1419 1145 1485 de
1173 1419 1284 1486 medii

222 1538 324 1592 nocte
358 1546 438 1590 eum
473 1526 636 1592 omnibus
671 1526 929 1610 impedimentis
963 1527 1109 1592 adverso
1145 1525 1286 1591 flumine

173 1659 203 1696 ιο
223 1641 353 1719 migno
381 1636 532 1701 tumultu
562 1634 734 1718 proficisci
763 1637 918 1720 imperat.
969 1635 1153 1721 Conquirit
1182 1635 1285 1701 etiam

221 1745 353 1823 lintres;
369 1745 430 1810 his
445 1750 576 1829 magno
591 1745 708 1810 sonitii
724 1751 900 1811 remorum
915 1744 1075 1811 incitatis
1090 1745 1125 1810 in
1141 1745 1286 1811 eandem

221 1865 354 1938 partem
375 1854 491 1919 mittit.
542 1853 622 1936 Ipse
643 1864 723 1939 post
744 1855 848 1938 paulo
868 1853 1005 1919 silentio
1025 1860 1185 1938 egressus
1206 1875 1285 1920 cum

222 1962 332 2027 tribus
356 1962 552 2047 legionibus
578 1984 658 2029 eum
683 1964 799 2028 locum
825 1963 911 2047 petit
936 1968 1007 2046 quo
1032 1969 1137 2029 nives
1162 1963 1286 2046 adpelli

222 2071 376 2136 iusserat.

426 2208 528 2262 Cautes
546 2208 594 2262 the
613 2208 703 2262 Gauls
719 2213 748 2261 to
765 2208 865 2262 divide
882 2208 961 2262 their
969 2210 1075 2280 sorces.

159 2333 199 2399 61
290 2335 344 2398 Eo
357 2355 436 2399 cum
449 2344 538 2400 esset
551 2335 952 2418 ventum‚explor{1tort'2s
966 2335 1130 2414 hostium,
1139 2346 1177 2401 ut
1189 2342 1286 2402 omni

221 2443 372 2508 fluminis
388 2455 484 2526 parte
500 2455 595 2509 erant
612 2443 781 2528 dispositi,
799 2444 1028 2528 inopinantes
1046 2445 1141 2529 quod
1159 2451 1286 2529 magna

221 2551 337 2617 subito
365 2563 436 2617 erat
464 2553 584 2618 coorta
610 2559 799 2636 tempestas
825 2559 845 2618 zi
872 2560 999 2620 nostris
1026 2553 1284 2638 opprimuntur;

219 2658 392 2725 exercitus
409 2659 652 2743 equititusque
669 2659 843 2743 equitibus
862 2661 1030 2726 Romanis
1047 2661 1285 2726 administran-

220 2769 312 2834 tibus
334 2773 422 2852 quos
444 2774 475 2832 ei
497 2767 641 2852 negotio
665 2768 884 2852 praefecerat,
908 2768 1063 2833 celeriter
1084 2766 1284 2831 transmitti-

169 2911 202 2949 20
220 2887 285 2943 tur.
336 2861 420 2944 Uno
441 2877 511 2942 iere
530 2887 688 2961 tempore
709 2879 773 2943 sub
794 2878 906 2942 lucem
928 2875 1085 2940 hostibus
1106 2873 1285 2940 nuntiatur

220 2987 254 3051 in
278 2993 397 3052 castris
421 2987 663 3052 Rominorum
687 2997 822 3070 praeter
845 2982 1134 3050 consuetudinem
1158 2985 1284 3050 tumul-

220 3101 320 3172 tuari,
339 3107 373 3161 et
393 3101 561 3180 magnum
579 3101 627 3160 ire
646 3116 772 3179 agmen
791 3094 936 3158 adverso
955 3090 1097 3156 flumine
1116 3091 1285 3157 sonitum-

221 3227 287 3288 que
309 3212 486 3271 remorum
509 3205 542 3269 in
565 3204 686 3269 eidem
709 3213 804 3286 parte
826 3201 993 3277 exaudiri,
1016 3212 1049 3266 et
1072 3202 1177 3284 paulo
1198 3200 1285 3268 iniri

219 3315 344 3380 milites
375 3314 520 3380 nivibus
550 3317 786 3395 trinsportz'ui.
848 3309 986 3393 Quibus
1016 3310 1119 3374 rebus
1149 3309 1284 3385 auditis

170 3462 200 3510 25
220 3424 314 3508 quod
333 3423 578 3489 existimabant
596 3421 705 3486 tribus
723 3420 807 3484 locis
824 3424 968 3484 transire
986 3418 1141 3503 legiones
1166 3418 1286 3501 [atque

162 3532 163 3536 ’
220 3539 342 3598 omnes
365 3532 589 3616 perturbatos
611 3528 805 3594 defectione
830 3528 1060 3593 Haeduorum
1084 3527 1203 3613 fugam
1227 3548 1285 3611 pa-

222 3641 329 3725 rire]
350 3647 429 3706 suits
449 3661 589 3723 quoque
609 3638 726 3722 copiis
746 3638 780 3702 in
801 3645 870 3703 tres
891 3644 1005 3721 partes
1026 3637 1284 3703 distribuerunt.

224 3749 315 3816 Nam
339 3749 510 3834 praesidio
534 3756 553 3815 ἐ
577 3747 718 3833 regione
743 3754 939 3813 castrorum
963 3747 1096 3826 relicto,
1121 3758 1155 3813 et
1181 3751 1285 3830 parvi

222 3865 327 3924 manti
350 3859 586 3924 Metiosedum
608 3877 727 3922 versus
749 3855 852 3921 missi
875 3878 963 3941 quae
985 3868 1122 3922 tantum
1145 3861 1287 3940 progre-
