3000 4456
283 261 322 307 22
671 243 784 296 BELLI
810 244 968 296 GALLICI

283 422 403 509 pulsds
418 422 600 506 accepisse,
618 442 759 488 omnem
775 422 1005 501 ndbilitatem,
1023 443 1165 487 onmem
1181 427 1344 500 senatum,

284 551 425 598 omnem
451 529 649 615 equitatum
674 530 837 597 amisisse.
888 530 1026 616 Quibus
1051 529 1189 615 proeliis
1215 529 1346 596 calami-

288 639 490 724 tatibusque
506 638 644 718 fraenis,
660 645 719 725 qui
734 650 770 706 et
787 645 849 706 sua
863 639 995 705 virtute
1010 649 1045 704 et
1063 639 1184 723 populi
1201 638 1346 703 Rdmani

285 747 439 836 hospitii)
454 758 562 833 atque
576 748 728 815 amicitia
743 748 931 835 plurimum
945 759 1027 814 ante
1042 749 1076 813 in
1094 746 1204 814 Gallia
1219 747 1347 832 potuis-

253 871 373 936 ssent,
396 864 538 924 coactds
562 879 636 924 esse
660 856 829 942 Sequanis
853 857 991 922 obsides
1014 856 1095 922 dare
1119 855 1347 921 ndbilissimds

286 966 446 1047 civitatis,
477 979 511 1034 et
541 965 614 1032 iure
642 965 790 1032 iurandi>
819 965 999 1033 civitatem
1029 966 1248 1052 obstringere
1279 971 1349 1032 sese

287 1099 399 1162 neque
427 1077 566 1143 obsides
595 1080 807 1161 repetiturus
835 1097 948 1160 neque
975 1074 1144 1140 auxilium
1172 1080 1193 1140 a
1221 1075 1349 1159 populi)

289 1186 452 1252 Rdmanr')
481 1175 731 1270 impldraturds
761 1204 873 1268 neque
904 1187 1133 1260 recusaturds
1166 1181 1349 1266 quiiminus

288 1302 457 1380 perpetue]
488 1295 551 1360 sub
581 1294 719 1360 illdrum
749 1292 886 1358 dicidne
915 1303 1021 1377 atque
1051 1291 1196 1376 imperii)
1226 1303 1347 1356 essent.

239 1426 269 1462 10
289 1389 410 1471 Unum
424 1410 460 1470 se
475 1426 548 1470 esse
564 1427 608 1470 ex
623 1409 719 1470 omni
735 1401 878 1469 civitate
895 1403 1136 1479 Haedudrum
1153 1406 1212 1485 qui
1227 1400 1350 1466 adduci

287 1520 358 1579 min
375 1513 542 1599 potuerit,
561 1524 601 1580 ut
619 1513 746 1578 iuraret
765 1522 826 1577 aut
845 1511 972 1578 libertis
989 1516 1071 1577 suds
1089 1508 1227 1576 obsides
1245 1509 1349 1574 daret.

289 1622 347 1690 Ob
370 1644 446 1688 eam
470 1645 542 1689 rem
566 1629 601 1688 se
625 1645 669 1688 ex
691 1621 832 1688 civitate
856 1619 1051 1706 prdlirgisse
1074 1629 1110 1685 et
1136 1619 1286 1683 Rdmam
1308 1617 1351 1683 ad

290 1739 452 1799 senatum
487 1731 621 1799 venisse
656 1730 824 1798 auxilium
860 1729 1090 1815 postulatum,
1129 1727 1225 1811 quod
1260 1726 1352 1791 sdlus

290 1861 403 1925 neque
416 1840 490 1908 iure
504 1841 650 1908 iurandd
666 1863 778 1926 neque
792 1839 971 1907 obsidibus
988 1843 1175 1903 teneretur.

240 1973 268 2022 15
357 1950 426 2016 Sed
444 1951 541 2035 peius
558 1950 747 2017 victoribus
766 1951 934 2035 Sequanis
952 1969 1058 2033 quam
1078 1947 1235 2013 Haeduis
1253 1945 1354 2011 victis

289 2059 462 2139 accidisse,
493 2066 678 2145 propterea
706 2059 801 2144 quod
831 2057 1041 2137 Ariovistus,
1072 2063 1135 2122 rex
1165 2054 1355 2121 Germani>-

289 2190 375 2247 rum,
398 2168 434 2234 in
455 2175 576 2235 ebrum
599 2167 726 2234 finibus
749 2167 962 2234 censedisset
987 2165 1196 2251 tertiamque
1219 2176 1355 2251 partem

288 2284 363 2364 agri
380 2277 541 2363 Sequani,
559 2284 619 2363 qui
635 2287 725 2344 esset
744 2275 899 2361 optimus
917 2281 1029 2342 tritius
1047 2274 1188 2355 Galliae,
1207 2283 1356 2361 occupa-

288 2387 404 2466 visset,
420 2398 455 2454 et
471 2410 562 2454 nunc
577 2389 620 2454 de
635 2387 744 2466 altera
758 2394 856 2471 parte
871 2384 975 2451 tertia
991 2384 1172 2471 Sequands
1187 2386 1354 2452 decedere

240 2526 272 2562 20
291 2497 435 2578 iuberet,
461 2504 646 2582 propterea
669 2497 763 2581 quod
788 2503 907 2582 paucis
931 2494 1107 2562 mensibus
1132 2507 1214 2561 ante
1239 2497 1355 2561 Haru-

293 2607 376 2672 dum
397 2606 490 2672 milia
510 2606 692 2673 hominum
713 2625 832 2670 xx1111
854 2607 897 2671 ad
919 2627 1000 2671 eum
1020 2605 1207 2682 venissent,
1231 2603 1358 2688 quibus

289 2717 386 2782 locus
401 2723 440 2782 ae
456 2717 553 2782 sedes
568 2722 782 2802 pararentur.
834 2716 1008 2782 Futurum
1024 2737 1098 2782 esse
1114 2721 1232 2799 paucis
1247 2720 1357 2790 annis,

290 2831 343 2891 uti
365 2832 486 2891 omnes
508 2848 553 2891 ex
575 2825 704 2892 Galliae
727 2826 854 2892 linibus
877 2826 1085 2910 pellerentur
1106 2835 1212 2908 atque
1235 2829 1361 2888 omnes

291 2934 454 3001 Germani
470 2935 634 3000 Rhenum
651 2941 854 3013 transirent;
870 2957 982 3019 neque
999 2934 1091 2998 enim
1108 2933 1361 2998 cdnlerendum

241 3065 271 3114 25
291 3065 364 3109 esse
381 3043 552 3110 Gallicum
568 3065 647 3110 cum
665 3043 920 3110 Germanarum
937 3049 1023 3128 agrd
1040 3063 1152 3126 neque
1169 3042 1258 3108 hanc
1275 3047 1362 3108 edn-

294 3152 513 3219 suetudinem
528 3159 643 3218 victus
658 3173 738 3218 cum
753 3152 810 3218 illa
826 3150 1107 3235 comparandam.

358 3259 579 3327 Ariovistum
596 3271 725 3338 autem,
743 3273 783 3325 ut
802 3259 906 3325 semel
925 3257 1105 3325 Galldrum
1123 3259 1241 3345 eripias
1258 3281 1364 3343 proe-

291 3370 338 3436 lii>
350 3370 482 3449 vicerit,
499 3371 594 3455 quod
610 3367 779 3452 proelium
794 3367 923 3433 iactum
939 3366 982 3434 sit
999 3367 1042 3434 ad
1060 3367 1364 3454 Magetobrigam,

295 3478 442 3566 superbe
476 3488 511 3543 et
547 3476 733 3542 crudeliter
766 3474 944 3559 imperare,
981 3475 1120 3542 obsides
1155 3475 1367 3541 ndbilissimi

242 3619 274 3669 30
295 3587 462 3672 cuiusque
480 3585 606 3651 libertis
624 3605 767 3669 poscere
785 3595 820 3650 et
838 3584 873 3649 in
892 3590 951 3649 eds
969 3584 1088 3649 omnia
1105 3584 1264 3669 exempla
1282 3605 1367 3649 cru-

295 3697 474 3779 ciatusque
496 3694 608 3765 edere,
631 3699 659 3756 si
681 3715 749 3776 qua
770 3700 823 3758 res
844 3699 915 3758 ndn
937 3694 980 3759 ad
1003 3699 1128 3759 mitum
1151 3704 1210 3759 aut
1232 3693 1275 3759 ad
1298 3715 1368 3759 vo-

293 3805 467 3870 luntatem
483 3803 557 3868 eius
574 3802 666 3867 laeta
683 3801 735 3867 sit.
778 3802 970 3868 Hominem
988 3824 1063 3868 esse
1080 3803 1274 3883 barbarum,
1293 3810 1369 3870 ira-
