3048 4444
242 363 302 426 144
625 351 738 403 BELLl
762 349 921 405 GALLICI

243 525 311 592 loci
340 526 511 611 praesidio
541 529 629 608 freti,
660 529 694 593 in
724 530 826 596 silvas
855 525 1067 616 paludesque
1097 530 1305 618 cenlugiunt

241 656 372 720 suaque
387 637 511 703 eedem
525 637 718 704 cdnlerunt.

473 809 521 862 He
529 809 649 881 forbids
660 809 736 865 them
748 818 777 866 to
788 811 896 867 harbor
906 812 1069 867 Ambtbrr'sc.

200 927 222 993 6
311 923 445 1003 Caesar,
468 932 603 1010 partitis
625 928 733 1013 capiis
756 949 836 994 cum
860 928 898 995 C.
923 927 1032 994 Fabie
1054 928 1172 1012 legato
1195 938 1229 994 et
1253 927 1303 992 M.

240 1031 365 1098 Crasse
394 1040 578 1118 quaesiere
609 1036 833 1121 celeriterque
863 1036 996 1103 effectis
1027 1037 1202 1121 pontibus,
1234 1034 1306 1101 adit

207 1141 425 1226 stripertito,
450 1143 606 1209 aedificia
631 1151 796 1230 vicesque
822 1145 986 1223 incendit,
1013 1151 1144 1232 magno
1170 1144 1306 1229 pecoris

238 1261 342 1334 atque
360 1251 542 1318 hominum
560 1260 707 1319 numere
725 1260 867 1337 potitur.
918 1254 1055 1339 Quibus
1074 1254 1176 1319 rebus
1194 1260 1306 1319 coacti

242 1361 396 1445 Menapii
414 1362 549 1446 legates
566 1362 609 1428 ad
629 1383 709 1428 eum
728 1362 822 1447 pacis
841 1363 1010 1448 petendae
1028 1369 1132 1428 causa
1150 1361 1303 1428 mittunt.

241 1471 303 1537 Ille
325 1471 507 1550 obsidibus
526 1477 676 1554 acceptis
699 1471 853 1536 hostium
877 1477 913 1537 se
936 1471 1135 1537 habiturum
1158 1477 1305 1537 numere

240 1580 433 1658 cenfirmat‚
455 1586 483 1645 si
502 1592 561 1646 aut
581 1579 826 1665 Ambiorigem
846 1591 906 1646 aut
926 1580 1000 1646 eius
1020 1581 1156 1665 legates
1176 1579 1303 1645 linibus

191 1721 222 1758 ιο
239 1695 308 1754 suis
324 1689 542 1772 recepissent.
593 1689 660 1755 His
676 1689 889 1754 cenhrmatis
906 1690 1008 1755 rebus
1025 1689 1225 1756 Commium
1242 1689 1305 1754 At-

240 1799 394 1864 rebatem
413 1819 493 1863 cum
513 1799 669 1882 equitatu
687 1797 842 1864 custadis
861 1798 940 1863 loco
959 1797 994 1863 in
1014 1797 1186 1882 Menapiis
1205 1798 1304 1864 relin-

239 1908 328 1993 quit;
354 1907 427 1992 ipse
448 1907 482 1972 in
502 1907 673 1974 Treveres
693 1907 932 1991 proficiscitur.

470 2079 636 2134 Labr‘enus's
647 2080 749 2152 doirgs
760 2096 866 2151 among
877 2077 926 2133 the
943 2079 1071 2134 Trevm’.

199 2208 221 2279 7
309 2191 405 2256 Dum
437 2190 521 2257 haec
552 2197 573 2255 a
605 2189 749 2256 Caesare
781 2199 961 2275 geruntur,
994 2189 1135 2256 Treveri
1168 2196 1305 2275 magnis

240 2307 369 2367 coactis
395 2299 570 2385 peditatus
596 2297 843 2383 equitatiisque¹
866 2299 975 2383 capiis
1003 2298 1197 2367 Labienum
1224 2320 1304 2364 cum

190 2415 308 2488 151'1na
330 2409 479 2493 legibue,
503 2429 591 2492 quae
614 2408 649 2472 in
673 2414 794 2474 eorum
817 2407 944 2473 finibus
967 2407 1153 2486 hiemabat,
1177 2407 1304 2473 adoriri

238 2519 418 2602 parabant,
437 2518 575 2603 iamque
593 2518 636 2584 ab
654 2522 697 2585 εὸ
714 2524 785 2583 nen
803 2517 943 2602 longius
961 2517 1058 2583 bidui
1076 2517 1131 2583 via
1149 2517 1301 2596 aberant,

238 2648 317 2692 cum
338 2627 423 2694 duas
441 2627 576 2693 venisse
596 2627 751 2711 legienes
770 2626 876 2692 missii
897 2624 1052 2693 Caesaris
1072 2633 1302 2712 cegnescunt.

239 2736 367 2802 Pasitis
384 2743 503 2802 castris
521 2743 541 2803 a
559 2736 697 2802 mssibus
714 2757 878 2822 passuum
898 2757 949 2804 xv
966 2739 1094 2805 auxilia
1113 2738 1304 2806 Germani>-

238 2867 316 2911 rum
336 2853 537 2930 exspectare
558 2845 785 2911 censtituunt.
836 2847 1022 2928 Labienus,
1045 2849 1199 2915 hostium
1221 2854 1304 2933 ceg-

187 2991 220 3027 20
239 2955 313 3020 nite
339 2955 495 3032 censilie,
522 2960 662 3039 sperans
688 2954 883 3022 temeritate
908 2964 1031 3024 cerum
1056 2959 1129 3024 lore
1154 2958 1305 3042 aliquam

239 3064 425 3130 dimicandi
451 3064 660 3141 facultatem,
687 3065 860 3148 praesidis>
885 3085 909 3132 v
936 3068 1133 3133 cohortium
1160 3066 1304 3151 impedi-

237 3180 362 3239 mentis
377 3172 508 3251 relicto‚
523 3194 603 3238 cum
619 3192 698 3238 xxv
712 3175 916 3241 cohortibus
931 3183 1131 3261 magnoque
1147 3175 1302 3260 equitatu

239 3289 361 3349 contra
388 3282 525 3347 hostem
554 3282 794 3366 proficiscitur,
824 3293 858 3350 et
887 3286 978 3351 mille
1007 3306 1171 3369 passuum
1200 3285 1303 3350 inter-

238 3391 343 3457 misse
361 3391 473 3476 spatio
489 3402 599 3457 castra
616 3391 821 3458 communit.

186 3539 216 3588 2⁵
307 3501 390 3566 Erat
408 3499 498 3567 inter
516 3499 710 3566 Labienum
729 3511 834 3584 atque
852 3500 989 3566 hostem
1008 3500 1137 3568 difficili
1156 3502 1303 3570 transitu

182 3653 184 3658 -
238 3609 367 3676 flamen
391 3616 541 3694 ripisque
566 3615 769 3695 praeruptis.
821 3608 902 3674 Hac
926 3631 1038 3694 neque
1062 3610 1134 3695 ipse
1158 3619 1303 3680 transire

236 3719 384 3786 habebat
400 3719 568 3785 inanime
585 3739 697 3802 neque
714 3718 832 3784 hostes
849 3718 1054 3787 transitares
1071 3722 1302 3790 existimabat.

236 3829 444 3914 Augebatur
461 3827 671 3893 auxilierum
690 3826 818 3892 cotidie
837 3834 924 3911 spes.
974 3829 1148 3914 Loquitur
1166 3833 1304 3898 censul·

239 3943 278 4002 te
298 3939 426 4020 palam:
448 3934 626 4020 Quoniam
648 3933 811 4000 Germani
832 3937 1109 4024 adpropinquare
1130 3941 1301 4019 dicantur,
