3000 4456
499 1004 538 1071 c.
580 1002 702 1069 mur
747 998 994 1068 ennomus

420 1172 666 1266 BELLI
727 1167 1072 1265 GALLICI

576 1402 708 1460 LIBER
738 1400 913 1459 PRIMUS.

209 1560 285 1606 rua
306 1559 519 1606 cnumrcus
539 1557 698 1604 nonrusr
719 1557 794 1603 rua
815 1553 1053 1602 uarvsrrnus
1074 1553 1152 1600 nur>
1173 1553 1281 1600 Arno·

575 1665 714 1726 v1sru5,
741 1665 772 1710 u.
799 1665 829 1712 c.
854 1654 892 1712 58-

303 1787 361 1841 The
372 1789 489 1840 natabus
499 1786 536 1858 ff
545 1783 629 1840 Gaul.
673 1783 762 1838 Their
773 1783 939 1837 characters
950 1783 1014 1836 and
1022 1782 1190 1836 territorr'es.

280 1912 390 1980 Gallia
403 1923 456 1980 est
471 1911 585 1979 onmis
599 1912 708 1978 divisa
721 1907 756 1976 in
771 1917 887 1997 partos
901 1916 987 1990 tros3
1011 1915 1159 1994 quorum
1174 1912 1280 1973 onam
1298 1927 1314 1976 1

211 2025 369 2090 incolunt
393 2023 532 2108 Belgae,
555 2021 656 2086 aliam
679 2020 858 2105 Aquitoni,
880 2018 1018 2084 tertiam
1040 2022 1099 2103 qui
1123 2017 1278 2102 ipsorum

209 2133 330 2219 lingua
359 2131 489 2210 Celtae,
519 2137 638 2197 nostro
669 2128 758 2196 Galli
787 2129 1015 2215 appellantur.
1078 2127 1128 2193 Hi
1157 2133 1280 2193 omnos

209 2243 339 2329 lingui,
366 2241 550 2324 institotis,
579 2240 714 2326 legibus
741 2239 832 2305 inter
859 2243 895 2304 so
922 2237 1099 2304 differunt.
1162 2235 1280 2303 Gallos

210 2353 254 2419 ab
278 2351 467 2437 Aquitonis
493 2350 671 2416 Garumna
696 2348 836 2428 flomen,
863 2353 883 2413 o
909 2347 1026 2432 Belgis
1054 2346 1221 2412 Mitrona
1245 2356 1311 2419 ets

211 2462 373 2547 Sequana
391 2459 525 2527 dividit.

281 2571 422 2636 Horum
443 2567 601 2635 omnium
624 2567 804 2633 fortissimi
825 2575 907 2632 sunt
931 2565 1070 2652 Belgae,
1094 2573 1280 2650 proptereat

210 2679 306 2765 quod
327 2684 347 2745 o
368 2679 466 2744 culto
487 2689 592 2762 atque
615 2675 835 2743 homanitote
856 2674 1054 2762 provinciae
1076 2676 1280 2762 longissimo

209 2789 336 2854 absunt
356 2786 567 2872 minimoque
585 2787 629 2853 ad
648 2792 708 2852 eos
727 2791 938 2852 mercotoros
958 2806 1060 2871 saepe
1078 2799 1278 2853 commeant

209 2909 317 2982 atque
336 2918 385 2977 ea,
406 2917 494 2982 quae
513 2896 557 2962 ad
577 2895 831 2962 effominandos
850 2894 986 2960 animos
1006 2894 1194 2980 pertinent,
1216 2897 1279 2962 im-
1299 2923 1329 2960 10

207 3018 352 3092 portant
361 3028 369 3085 ;
383 3005 604 3091 proximique
619 3017 700 3071 sunt
717 3004 909 3083 (Sermonis,
926 3012 985 3091 qui
1000 3013 1097 3072 trons
1114 3007 1277 3073 Rhenum

209 3116 380 3195 incolunt,
400 3115 608 3201 quibuscum
626 3114 850 3181 continenter
867 3116 996 3182 bellurn
1015 3128 1154 3202 gerunt.
1198 3117 1279 3202 Qua

211 3227 255 3292 do
272 3232 376 3292 causo
394 3225 550 3292 Helvotii
568 3247 708 3311 quoque
726 3226 877 3311 reliquos
896 3225 1015 3293 Gallos
1033 3225 1165 3293 virtote
1184 3247 1279 3312 prae-

211 3336 353 3415 codunt,
382 3336 478 3421 quod
507 3335 577 3403 lero
605 3336 790 3402 cotidionis
819 3336 958 3422 proeliis
986 3359 1066 3403 cum
1097 3335 1278 3402 Germanis

210 3445 444 3524 contendunt,
460 3468 539 3513 curn
554 3457 615 3513 aut
632 3454 701 3513 suis
717 3447 843 3513 linibus
858 3453 918 3513 eos
932 3446 1119 3531 prohibent
1137 3456 1197 3512 aut
1214 3445 1278 3530 ipsi
1298 3470 1325 3520 ις

210 3553 245 3620 in
260 3561 382 3622 eorum
398 3555 524 3623 linibus
538 3557 667 3623 bellurn
682 3567 821 3642 gerunt.

281 3663 414 3731 Eorum
432 3669 500 3732 ona
517 3687 605 3750 pars,
625 3687 731 3751 quarn
749 3666 868 3732 Gallos
886 3665 1045 3732 obtinore
1063 3665 1198 3733 dictum
1216 3675 1277 3744 est,

208 3772 350 3840 initium
367 3773 458 3876 capit
475 3779 495 3840 a
513 3774 654 3842 flomine
674 3775 859 3853 Rhodano,
880 3775 1083 3841 continetur
1102 3775 1280 3842 Garumna't

208 3882 362 3962 flumine,
385 3883 540 3964 Oceano,
563 3884 690 3950 linibus
711 3884 913 3969 Belgarum
938 3882 1085 3969 attingit
1107 3883 1213 3950 etiam
1234 3883 1276 3950 ab

1070 4001 1080 4038 1
