3044 4442
258 377 314 442 132
644 362 756 415 ausu
783 362 942 416 caturci

259 538 408 604 Nervius
436 540 577 606 nomine
605 540 760 618 Vertico,
789 541 867 607 loce
896 547 998 607 uetus
1025 542 1185 620 honesto,
1214 547 1273 626 qui
1300 547 1321 608 e

256 653 367 731 prime
388 648 570 714 obsidiene
590 649 634 715 ad
656 649 860 716 Ciceronem
882 649 1080 735 perfugerat
1101 671 1268 734 suamque
1289 657 1321 717 ei

255 758 360 824 fidem
377 759 602 842 praestiterat.
653 759 724 826 Hic
738 766 839 826 serve
856 767 917 844 spe
933 760 1099 826 libertetis
1115 766 1320 845 megnisque

254 866 439 951 persuedet
467 867 638 952 praemiis
669 878 706 933 ut
736 868 866 934 litteras
894 868 937 934 ad
967 869 1149 936 Caesarem
1178 869 1318 954 deierat.

221 995 245 1044 ε’
257 977 333 1042 Has
351 976 407 1042 ille
425 976 459 1041 in
478 976 591 1043 iacule
610 976 774 1062 inligetes
794 977 909 1055 effert;
934 988 969 1042 et
990 977 1109 1043 Gallus
1128 977 1220 1043 inter
1239 977 1319 1044 Gal-

255 1086 307 1151 les
324 1085 397 1151 sine
413 1086 483 1150 ulle
499 1085 696 1170 suspiciene
713 1093 869 1152 versatus
887 1087 930 1152 ad
949 1086 1131 1153 Caesarem
1150 1087 1316 1171 pervenit.

254 1195 311 1260 Ab
333 1201 376 1260 ee
397 1195 439 1261 de
461 1195 621 1280 periculis
643 1194 819 1262 Ciceronis
841 1195 1057 1281 legienisque
1080 1195 1316 1281 cognoscitur.

496 1366 544 1419 He
554 1366 636 1420 sends
647 1382 784 1437 messages
796 1371 824 1420 to
836 1366 883 1420 his
895 1368 1075 1422 lteutenants.

193 1475 236 1558 46
325 1473 452 1541 Caesar
472 1482 622 1559 acceptis
645 1475 765 1541 litteris
787 1476 873 1541 hora
894 1475 1028 1541 circiter
1050 1495 1090 1540 xl
1113 1475 1181 1542 diei
1203 1475 1320 1542 statim

254 1584 475 1668 nuntiumin
503 1585 707 1652 Bellovaces
732 1587 775 1652 ad
803 1587 852 1652 M.
881 1585 1044 1652 Crassum
1070 1585 1192 1664 mittit,
1220 1586 1319 1652 cuius

204 1721 235 1757 ιο
255 1694 398 1759 hiberna
414 1695 556 1760 aberant
573 1696 616 1761 ab
633 1701 675 1761 eo
692 1695 785 1759 milia
802 1715 965 1778 passuum
983 1714 1061 1760 xxv
1068 1717 1076 1774 ;
1093 1694 1188 1760 iubet
1206 1694 1320 1759 medie

254 1813 357 1869 nocte
388 1803 563 1889 legionem
595 1805 765 1889 proficisci
796 1804 1019 1888 celeriterque
1050 1805 1092 1870 ad
1125 1810 1161 1870 se
1191 1809 1317 1870 venire.

255 1911 340 1977 Exit
353 1934 434 1978 cum
447 1913 571 1979 nuntie
585 1913 738 1979 Crassus.
775 1914 938 1978 Alterum
951 1913 994 1978 ad
1010 1912 1048 1978 C.
1064 1912 1210 1977 Fabium
1225 1912 1317 1997 lega-

254 2032 329 2087 tum
351 2022 469 2100 mittit,
492 2033 530 2088 ut
553 2022 587 2087 in
609 2023 830 2088 Atrebatium
852 2023 939 2086 fines
961 2021 1135 2106 legionem
1158 2021 1318 2098 adducat,

253 2131 400 2214 quesibi
418 2131 482 2197 iter
497 2131 692 2196 faciendum
709 2131 847 2196 sciebat.
898 2130 1023 2197 Scribit
1042 2130 1208 2208 Labiene,
1226 2137 1253 2196 si
1271 2137 1319 2196 rei

204 2267 232 2316 ις
255 2241 411 2324 publicae
430 2241 620 2306 commodo
640 2239 751 2306 facere
771 2226 890 2324 possit,
911 2260 991 2305 cum
1011 2239 1150 2324 legione
1170 2241 1212 2306 ad
1233 2240 1319 2306 fines

256 2350 467 2416 Nervierum
495 2349 624 2427 veniat;
653 2349 819 2432 reliquam
849 2359 981 2432 partem
1009 2349 1194 2427 exercitus,
1223 2348 1318 2434 quod

253 2461 357 2544 paulo
371 2460 490 2526 aberat
506 2458 656 2545 longius
673 2465 744 2524 nen
759 2468 862 2544 putat
879 2460 1167 2542 exspectandam
1182 2459 1317 2545 equites

254 2567 389 2634 circiter
405 2587 491 2634 cccc
506 2590 550 2634 ex
566 2566 735 2650 proximis
751 2567 902 2633 hibernis
917 2567 1024 2652 cegit.

358 2741 478 2794 Crassus
489 2745 573 2793 meets
585 2739 647 2792 him
656 2761 669 2802 ,·
686 2740 736 2793 but
750 2739 890 2792 Labienus
902 2741 1031 2793 remat'ns
1042 2744 1075 2793 at
1086 2738 1134 2793 his
1140 2743 1214 2810 post.

132 2831 134 2833 ¹
192 2860 236 2930 47
325 2849 425 2915 Here
449 2848 584 2914 circiter
609 2866 656 2911 111
681 2847 723 2912 ab
748 2848 1029 2914 antecursoribus
1055 2849 1098 2915 de
1123 2848 1237 2915 Crassi
1261 2847 1320 2914 ad-

203 2981 235 3019 20
256 2964 360 3024 ventu
380 2957 506 3023 certior
525 2956 646 3034 factuS,
667 2962 709 3021 eb
729 2956 784 3021 die
803 2957 897 3022 milia
916 2977 1081 3042 passuum
1103 2977 1155 3022 xx
1176 2963 1318 3042 progre-

254 3069 356 3132 ditur.
406 3065 569 3133 Crassum
598 3064 860 3131 Samarobrivae
890 3065 1044 3149 praeficit
1073 3066 1318 3150 legienemque

253 3183 283 3241 ei
309 3174 477 3251 attribuit,
503 3173 670 3258 quodibi
696 3174 944 3258 impedimenta
970 3175 1153 3254 exercitus
1179 3175 1318 3241 obsides

253 3285 447 3362 civitatum,
468 3283 602 3349 littereas
622 3285 776 3369 publicas
796 3284 1080 3370 frumentumque
1099 3307 1203 3351 omne
1223 3285 1318 3369 quod

252 3401 294 3461 ee
308 3393 506 3460 tolerandae
521 3393 643 3459 hiemis
658 3400 761 3459 causa
775 3394 972 3471 devexerat,
988 3394 1212 3477 relinquebat.
1254 3392 1318 3457 Fa-

202 3528 231 3578 25
253 3503 340 3581 bius,
364 3514 402 3568 ut
426 3503 634 3587 imperatum
659 3512 740 3579 erat,
765 3509 836 3567 nbn
861 3502 908 3567 ita
930 3502 1078 3567 multum
1102 3508 1258 3568 moretus
1283 3500 1317 3566 in

253 3612 374 3678 itinere
401 3633 482 3678 cum
508 3612 647 3696 legiene
674 3611 834 3676 occurrit.
885 3610 1059 3675 Labienus
1087 3610 1229 3677 interitu
1257 3610 1317 3677 Sa-

251 3722 323 3789 bini
344 3731 379 3788 et
401 3721 506 3788 caede
528 3720 727 3786 cohortium
748 3719 901 3804 cegnita,
924 3741 1004 3784 cum
1027 3727 1148 3786 omnes
1169 3720 1213 3785 ad
1237 3741 1317 3785 eum

251 3832 483 3899 Trevererum
501 3829 621 3913 cepiae
638 3828 823 3906 venissent,
840 3827 970 3916 ueritus
987 3836 1040 3906 ne,
1058 3835 1086 3894 si
1104 3851 1148 3894 ex
1165 3829 1317 3894 hibernis

251 3941 353 4026 fugae
372 3939 518 4008 similem
538 3937 790 4027 profectienem
807 3937 954 4016 fecisset,
973 3937 1127 4003 hostium
1147 3937 1318 4022 impetum
