3048 4444
275 373 337 434 204
663 355 775 408 BELLl
803 355 961 409 GALLICI

346 534 468 617 Itaque
491 533 681 600 admodum
704 541 840 619 mognis
863 535 994 600 diurnis
1015 541 1264 620 nocturnisque
1287 535 1341 601 iti·

276 642 416 709 neribus
437 643 604 711 conlectis
626 649 748 708 contro
768 643 926 708 omnium
948 643 1149 726 opinionem
1171 643 1213 709 ad
1236 644 1341 728 Lige-

276 751 341 816 rim
360 750 469 828 venit;
491 751 650 834 vadoque
671 772 732 835 per
751 749 885 835 equites
905 751 1048 816 invento
1070 757 1133 834 pro
1154 757 1203 817 rei
1223 772 1341 817 neces-

276 861 376 928 sitote
390 865 602 944 opportt'mo,
618 870 656 925 ut
670 859 830 925 bracchia
844 860 951 925 modo
966 869 1070 944 atque
1086 866 1195 925 umeri
1210 859 1252 925 ad
1267 881 1341 925 sus-

241 994 254 1042 5
277 969 417 1036 tinenda
429 990 525 1034 arma
537 969 634 1034 liberi
647 969 689 1033 ab
703 974 792 1052 aqua
807 989 880 1034 esse
895 979 1047 1052 possent,
1061 967 1232 1052 disposito
1245 968 1341 1052 equi·

276 1085 350 1145 teto
367 1085 427 1164 qui
443 1078 514 1144 vim
530 1077 682 1142 dominis
699 1076 913 1161 refringeret,
930 1087 1034 1160 atque
1052 1076 1210 1142 hostibus
1227 1083 1340 1160 primo

275 1193 416 1272 aspecto
452 1188 662 1272 perturbatis
696 1185 908 1251 incolumem
943 1185 1136 1250 exercitum
1170 1185 1340 1270 tridoxit;

277 1297 559 1381 frumentumque
582 1295 616 1359 in
640 1300 732 1379 agris
756 1305 790 1360 et
814 1293 948 1377 pecoris
971 1292 1108 1377 copiam
1132 1303 1264 1370 nactus,
1289 1315 1341 1359 re-

276 1407 370 1491 pleto
387 1405 440 1470 his
455 1404 558 1470 rebus
574 1403 728 1470 exercito
746 1403 810 1468 iter
827 1401 862 1467 in
879 1401 1035 1468 Senones
1052 1401 1163 1469 lacere
1180 1402 1339 1469 instituit.

525 1575 668 1629 Labienus
683 1573 814 1628 marches
830 1573 947 1626 torvard
961 1573 1088 1627 Lutetia.

214 1700 257 1771 57
347 1687 442 1751 Dum
466 1686 550 1752 haec
572 1686 664 1770 apud
688 1684 870 1752 Caesarem
894 1693 1075 1769 geruntur,
1100 1681 1274 1749 Labienus
1298 1689 1341 1751 eo

276 1796 529 1880 supplemento,
545 1795 639 1878 quod
655 1800 765 1879 nt'tper
779 1815 824 1859 ex
841 1777 939 1858 italio
954 1793 1230 1869 venerat,relicto
1246 1793 1341 1878 Age-

275 1905 377 1982 dinci,
393 1915 431 1969 ut
446 1915 534 1970 esset
550 1904 806 1988 impedimentis
822 1900 1004 1986 praesidio,
1020 1921 1100 1966 cum
1117 1919 1180 1966 1111
1196 1901 1341 1985 legioni·

274 2015 339 2078 bus
365 2012 540 2078 Lutetiam
566 2012 803 2096 proficiscitur.
855 2011 896 2076 Id
921 2021 971 2077 est
998 2009 1167 2094 oppidum
1193 2010 1340 2076 Parisio-

276 2144 353 2188 rum
375 2123 528 2207 positum
550 2123 584 2188 in
604 2125 716 2188 insule
737 2121 889 2187 flominis
911 2121 1102 2204 Sequanae.
1153 2119 1261 2187 Ctiius
1281 2119 1340 2185 ad-

225 2259 253 2309 15
277 2237 382 2296 vento
403 2233 445 2296 ab
467 2231 624 2297 hostibus
645 2231 790 2315 cognito
811 2236 959 2314 megnae
980 2251 1024 2295 ex
1045 2229 1201 2294 finitimis
1223 2229 1340 2295 civita-

275 2341 366 2406 tibus
398 2341 518 2423 copiae
551 2346 799 2405 convenerunt.
861 2338 1005 2406 Summa
1038 2339 1160 2422 imperi
1193 2338 1341 2404 troditur

276 2449 516 2534 Camulogeno
530 2451 693 2528 Aulerco‚
707 2457 766 2535 qui
780 2472 889 2536 prope
903 2451 1082 2517 conlectus
1096 2457 1209 2517 aetote
1223 2461 1339 2516 tamen

275 2569 418 2644 propter
439 2559 649 2643 singularem
672 2559 850 2626 scientiam
871 2567 921 2625 rei
942 2561 1097 2626 militaris
1119 2562 1162 2626 ad
1185 2582 1266 2627 eum
1288 2570 1341 2627 est

274 2668 444 2734 honorem
457 2675 631 2734 evocatus.
683 2670 717 2734 Is
731 2690 810 2735 cum
824 2669 1120 2736 animadvertisset
1137 2681 1340 2756 perpetuam

223 2809 256 2847 20
275 2798 348 2842 esse
368 2777 541 2861 paludem,
561 2799 649 2861 quae
667 2777 826 2844 influeret
846 2778 880 2842 in
902 2777 1099 2862 Sequanam
1119 2792 1223 2864 atque
1244 2779 1341 2845 illum

275 2905 416 2953 ornnem
433 2888 550 2952 locum
568 2893 782 2972 magnopere
801 2887 993 2970 impediret,
1012 2889 1067 2954 hic
1085 2887 1242 2954 consedit
1261 2909 1341 2954 nos-

275 3002 416 3082 trosque
437 2995 584 3062 transito
605 2995 788 3081 prohibere
806 2995 966 3062 instituit.

478 3185 525 3237 He
533 3183 614 3256 falls
625 3182 693 3236 back
710 3182 774 3235 and
789 3186 923 3253 captares
936 3186 1131 3240 Mettbsedum.

623 3270 680 3323 The
699 3269 789 3324 σανὶς
798 3270 905 3342 follow
922 3271 993 3326 habt.

214 3401 256 3483 58
345 3387 520 3453 Labienus
535 3391 647 3470 primo
663 3391 779 3452 vinetis
795 3409 908 3472 agere,
925 3388 1076 3454 crotibus
1091 3400 1196 3473 atque
1212 3409 1341 3474 aggere

276 3497 436 3581 palodem
459 3497 598 3577 explere
620 3504 723 3577 atque
745 3495 810 3561 iter
832 3501 966 3562 mimire
989 3499 1189 3564 conabatur.
1241 3497 1341 3562 Post-

222 3642 253 3691 25
276 3625 381 3690 quam
402 3603 435 3667 id
458 3602 629 3667 difficilius
652 3602 724 3670 fieri
746 3603 999 3683 animadvertit,
1022 3605 1158 3672 silentio
1181 3613 1200 3672 e
1221 3612 1341 3672 castris

275 3713 376 3781 tertia
394 3710 511 3796 vigilia
529 3717 699 3795 egressus,
720 3712 843 3778 eodem
863 3719 934 3796 quo
953 3721 1104 3792 venerat,
1124 3714 1244 3781 itinere
1265 3715 1342 3780 Me-

275 3821 450 3888 tiosedum
464 3821 630 3905 pervenit.
681 3821 721 3886 Id
736 3832 787 3887 est
801 3821 970 3907 oppidum
986 3824 1166 3891 Senonum
1181 3824 1215 3889 in
1230 3826 1343 3890 insula
1419 3841 1422 3846 ’

276 3930 457 4017 Sequanae
477 3929 642 4015 positum,
664 3940 702 3996 ut
725 3930 829 4014 paulo
848 3941 928 3996 ante
948 3933 991 3997 de
1013 3931 1157 3999 Lutetia
1178 3932 1339 4000 diximus.
