3048 4444
255 325 314 406 146
637 329 750 385 usin
776 328 935 386 uncum

322 506 488 575 Celeriter
508 516 618 576 nostri
639 511 790 578 clamore
812 510 949 577 sublato
969 509 1038 594 pila
1058 509 1093 575 in
1114 509 1234 575 hostes
1255 508 1317 574 im-

252 616 405 683 mittunt.
456 619 598 696 Illi-ubi
616 630 750 705 praeter
768 641 866 704 spem
884 625 973 704 quos
992 619 1112 704 lugere
1131 618 1318 696 credebant

252 726 385 791 infestis
406 733 514 812 signis
535 728 579 794 ad
602 734 708 794 seire
730 729 901 806 oderunt,
924 728 1094 812 impetum
1117 733 1318 793 nostrorum

256 835 342 901 lerre
359 842 429 901 non
447 843 651 921 potuerunt,
669 843 839 922 {septimo
857 841 1029 904 concursu
1045 837 1081 901 in
1099 836 1219 922 lugam
1236 857 1319 902 con-

219 967 233 1016 5
255 943 337 1010 iecti
356 945 534 1030 proximis
554 946 656 1012 silvis
676 945 860 1032 petierunt.
906 945 1008 1031 Quos
1029 944 1204 1011 Labienus
1224 943 1319 1029 equi-

253 1059 328 1119 tatu
355 1060 586 1132 consectatus,
612 1061 742 1140 migno
769 1060 916 1120 numero
942 1053 1135 1131 interiecto,
1162 1053 1319 1137 complu-

251 1163 345 1228 ribus
358 1168 477 1247 captis,
491 1169 609 1247 paucis
621 1175 698 1248 post
712 1163 834 1230 diebus
847 1164 1022 1230 civitatem
1036 1162 1175 1248 recepit.
1226 1161 1319 1228 Nam

254 1271 419 1338 Germani
442 1279 501 1357 qui
524 1272 655 1339 auxilio
679 1272 874 1350 veniebant,
899 1278 1062 1358 percepti
1086 1271 1319 1338 Treverorum

251 1382 345 1467 iugi,
360 1388 435 1448 sese
447 1382 592 1447 domum
606 1383 839 1448 contulerunt.
889 1382 979 1448 Cum
993 1383 1045 1447 his
1059 1381 1247 1466 propinqui
1262 1380 1319 1446 In-

204 1517 235 1554 10
252 1490 451 1569 dutiomz'tri,
464 1497 524 1575 qui
537 1490 741 1557 delectionis
754 1497 914 1556 auctores
928 1491 1073 1568 lucrant,
1088 1489 1245 1556 comititi
1259 1495 1319 1556 eos

253 1623 297 1665 ex
322 1599 461 1666 civitate
485 1606 718 1666 excesserunt.
769 1599 998 1684 Cingetorigi,
1023 1619 1128 1684 quem
1151 1599 1194 1665 ab
1220 1598 1318 1664 initio

164 1762 165 1765 η
252 1709 480 1795 ρετιηὲηείεεε
499 1708 534 1774 in
554 1708 670 1775 officio
690 1708 1016 1786 demonstravimus,
1036 1707 1250 1793 principatus
1269 1719 1318 1774 at·

253 1840 321 1904 que
341 1818 525 1904 imperium
546 1828 597 1884 est
618 1818 793 1885 traditum.
826 1843 827 1846 ¹

477 2027 501 2081 C
499 2043 584 2080 aesar
595 2042 697 2080 crosses
708 2024 756 2079 tlte
768 2023 864 2078 Rhine
876 2041 894 2078 a
906 2024 1009 2078 second
1017 2026 1094 2078 teme.

213 2185 235 2250 9
324 2158 450 2225 Caesar
475 2169 661 2244 postquam
686 2181 730 2224 ex
758 2157 930 2241 Menapiis
956 2157 990 2221 in
1017 2156 1188 2222 Treveros
1213 2155 1317 2234 venit,

204 2299 233 2349 ¹5
254 2269 388 2334 cluibus
408 2268 452 2334 (le
472 2274 583 2334 causis
604 2268 768 2332 Rhenum
788 2273 933 2332 trssansire
954 2265 1150 2344 constituit;
1171 2272 1319 2349 quirum

253 2384 412 2444 {mactat
433 2376 527 2461 quod
549 2376 712 2442 Gernu‘tni
732 2375 859 2441 auxilia
879 2380 1001 2440 contri
1021 2381 1057 2439 se
1077 2373 1236 2440 Treveris
1256 2381 1319 2438 mi-

252 2498 366 2554 serant
374 2509 381 2565 ;
403 2486 520 2563 altera,
543 2492 586 2552 ne
607 2485 650 2551 ad
672 2491 733 2551 eos
755 2484 941 2550 Ambiorix
964 2494 1143 2568 receptum
1165 2483 1316 2549 haberet.

254 2599 320 2664 His
338 2596 537 2664 constitutis
555 2595 657 2660 rebus
675 2596 778 2679 paulo
796 2599 900 2678 suprsi
916 2614 996 2659 eum
1015 2593 1131 2658 locum
1150 2599 1221 2676 quo
1238 2579 1318 2658 onte

252 2707 443 2774 exercitum
469 2706 672 2771 traduxerat
697 2704 808 2769 iacere
832 2714 978 2788 pontem
1002 2701 1167 2768 instituit.
1219 2703 1316 2768 Notis

202 2851 234 2889 20
252 2830 355 2902 atque
376 2815 536 2880 institutit
558 2813 702 2890 ratione,
725 2818 855 2896 magno
878 2811 1027 2876 militum
1050 2810 1177 2888 studio,
1200 2817 1318 2895 paucis

252 2927 373 2992 <liebus
398 2946 487 3010 opus
512 2923 668 2990 efficitur.
719 2921 838 2986 Firmo
862 2921 897 2985 in
921 2920 1081 2986 Treveris
1105 2921 1147 2986 ad
1173 2931 1318 3006 pontem

253 3035 423 3120 praesidio
442 3034 573 3110 relicti),
593 3037 636 3097 ne
654 3029 730 3114 quis
748 3031 791 3095 ab
809 3030 861 3094 his
880 3029 996 3095 subito
1015 3036 1132 3095 mutus
1151 3036 1317 3105 oreretur,

252 3146 399 3231 reliquis
415 3143 532 3228 copiis
548 3141 815 3227 equitatumque
833 3139 994 3205 traducit.
1045 3139 1138 3218 Ubii,
1158 3146 1216 3224 qui
1233 3147 1316 3204 ante

253 3255 391 3321 obsides
415 3252 581 3318 dederant
607 3261 711 3334 atque
736 3248 770 3314 in
797 3248 1010 3315 deditionem
1036 3254 1212 3324 venerant,
1238 3252 1318 3331 pur-

203 3399 233 3450 25
254 3364 359 3450 gandi
383 3369 436 3428 sui
459 3367 562 3427 causo
585 3361 628 3426 ad
653 3381 733 3427 eum
758 3360 893 3444 legatos
917 3357 1061 3422 mittunt
1085 3363 1146 3441 qui
1169 3356 1318 3422 doceant

254 3495 365 3560 neque
391 3471 519 3539 auxilia
544 3493 589 3537 ex
615 3477 677 3536 sui
703 3469 846 3537 civitate
871 3468 905 3533 in
932 3467 1102 3533 Treveros
1130 3465 1234 3532 missa
1259 3488 1317 3532 ne-

253 3606 320 3670 que
345 3583 388 3649 ab
413 3589 449 3649 se
475 3582 579 3648 fidem
605 3581 747 3658 laesam;
772 3589 897 3663 petunt
925 3588 1032 3661 atque
1057 3582 1159 3642 Orant
1186 3585 1225 3642 ut
1253 3575 1318 3642 sibi

221 3753 225 3761 .
252 3704 379 3780 parcat,
398 3699 441 3759 ne
459 3697 638 3758 communi
656 3688 739 3754 odio
759 3689 1013 3754 Germanorum
1033 3685 1236 3750 innocentes
1255 3689 1319 3770 pro

254 3803 460 3870 nocentibus
484 3807 614 3886 poenis
637 3798 806 3884 pendant;
828 3803 857 3862 si
880 3795 1027 3881 amplius
1051 3795 1213 3862 obsidum
1237 3793 1319 3860 velit

203 3945 236 3994 ³0
252 3913 336 3992 dari,
350 3913 565 3998 pollicentur.
616 3905 768 3992 Cognitis
783 3905 908 3971 Caesar
920 3912 1023 3972 causo
1036 3905 1163 3990 reperit
1177 3904 1220 3969 ab
1235 3902 1320 3970 Sue-
