3000 4456
549 341 666 393 LIBER
694 341 714 395 l.
741 340 825 394 CAP.
853 353 965 407 12—13.
1272 359 1294 421 9

225 521 266 588 L.
296 520 454 587 Cassium
481 520 660 586 consulem
686 519 908 585 interiecerat
935 528 972 585 et
998 517 1072 584 eius
1099 515 1294 583 exercitum

223 629 427 715 subiugum
441 635 592 695 miserat.
644 628 700 694 Ita
715 632 786 710 sive
801 633 883 694 caisir
900 633 971 693 sive
986 625 1132 693 consilio
1148 626 1294 693 deorum

224 738 486 817 immortalium,
512 759 601 823 quae
626 757 704 822 pars
730 735 883 802 cIvitittis
910 734 1095 803 Helvetiae
1120 742 1294 823 insignem

222 846 460 915 calamitatem
492 846 624 932 populo
658 847 821 913 Romano
854 844 1029 926 intulerat,
1064 866 1104 912 ea
1136 853 1295 932 princeps

223 963 356 1043 poenis
375 955 550 1041 persolvit.
601 956 682 1042 Qua
701 955 736 1021 in
756 961 793 1021 re
813 953 939 1021 Caesar
958 961 1030 1021 non
1051 957 1164 1023 solum
1184 954 1294 1042 publi·
1313 977 1326 1027 5

223 1073 282 1133 cas
309 1067 369 1133 sed
396 1065 503 1131 etiam
531 1071 685 1150 privatis
710 1063 852 1130 iniuriis
880 1064 975 1131 ultus
1003 1077 1066 1144 est,
1096 1067 1190 1152 quod
1219 1065 1292 1131 eius

224 1182 336 1242 soceri
355 1176 394 1241 L.
415 1175 551 1240 Pisonis
568 1195 683 1252 avum,
703 1175 743 1239 L.
764 1175 930 1240 Pisonem
948 1176 1115 1260 legatum,
1134 1175 1294 1260 Tigurini

225 1285 352 1351 eodem
368 1282 512 1369 proelio,
530 1289 601 1368 quo
619 1281 788 1362 Cassium,
807 1282 1063 1351 interfecerant.

480 1489 509 1543 Α
521 1486 679 1542 Helvetum
691 1488 816 1560 embassy
825 1492 911 1543 vatris
924 1491 1039 1546 Caesar.

296 1624 377 1690 Hoc
398 1623 531 1709 proelio
553 1622 657 1702 lacto,
679 1624 827 1709 reliquas
848 1623 966 1709 copiis
989 1623 1233 1691 Helvetiorum
1255 1633 1292 1688 ut
1313 1634 1353 1699 13

223 1739 393 1819 consequi
425 1744 554 1818 posset,
587 1744 734 1818 pontem
765 1734 800 1800 in
832 1734 933 1800 Arari
966 1733 1163 1800 laciendum
1195 1739 1294 1799 curat
1314 1755 1345 1792 10

222 1855 332 1927 atque
350 1842 399 1908 ita
417 1842 610 1908 exercitum
629 1844 793 1909 traducit.
844 1843 997 1909 Helvetii
1017 1848 1201 1928 repentino
1219 1841 1293 1908 eius

224 1952 379 2018 adventii
399 1958 582 2032 commoti,
603 1975 684 2019 cum
703 1953 737 2018 id
758 1953 854 2038 quod
874 1952 939 2038 ipsi
959 1951 1081 2018 diebus
1102 1971 1154 2017 xx
1175 1972 1293 2037 aeger-

225 2060 313 2128 rime
334 2059 569 2141 confecerant,
591 2072 630 2128 ut
653 2061 782 2128 flumen
805 2067 1004 2141 transirent,
1027 2061 1125 2128 illum
1146 2067 1218 2127 tino
1240 2060 1296 2127 die

227 2170 348 2236 iecisse
376 2169 628 2256 intellegerent,
657 2171 792 2256 legatos
819 2171 862 2237 ad
890 2192 971 2237 eum
999 2170 1157 2248 mittunt;
1197 2169 1295 2236 cuius

225 2280 414 2367 legationis
434 2281 560 2348 Divico
577 2287 737 2366 princeps
755 2280 831 2361 luit,
851 2288 910 2367 qui
928 2282 1019 2349 bello
1038 2280 1204 2348 Cassiano
1223 2282 1296 2347 dux
1315 2304 1344 2354 15

228 2390 477 2458 Helvetiorum
494 2390 615 2458 iuerat.

299 2502 334 2568 Is
360 2500 408 2567 ita
435 2522 516 2566 cum
543 2499 690 2567 Caesare
717 2499 806 2586 egit:
834 2499 871 2568 Si
898 2506 1019 2585 picem
1046 2500 1197 2585 populus
1225 2500 1296 2566 Ro-

227 2617 353 2678 manus
379 2631 460 2677 cum
488 2608 663 2676 Helvetiis
690 2609 828 2688 laceret,
856 2609 891 2675 in
918 2630 995 2675 cam
1022 2620 1158 2695 partem
1184 2608 1297 2676 ituros

225 2733 334 2806 atque
352 2719 400 2786 ibi
418 2719 557 2787 lutrinis
577 2719 772 2798 Helvetios,
793 2719 851 2784 ubi
870 2725 931 2785 eos
951 2718 1077 2786 Caesar
1097 2718 1297 2786 constituis-

226 2841 278 2898 set
293 2841 398 2916 atque
413 2852 488 2896 esse
502 2829 684 2907 voluisset;
700 2835 752 2894 sin
768 2828 858 2894 bello
874 2834 1034 2912 persequi
1050 2834 1295 2913 perseveraret,
1315 2855 1347 2892 ro

228 2940 508 3008 reminisceretur
534 2950 570 3006 et
599 2938 725 3006 veteris
752 2937 967 3004 incommodi
996 2939 1117 3024 populi
1146 2938 1298 3005 Romani

227 3062 263 3117 et
294 3050 459 3135 pristinae
488 3048 629 3117 virtutis
660 3047 917 3117 Helvetiorum.
967 3048 1075 3133 Quod
1106 3047 1297 3133 improviso

227 3166 338 3226 tinum
354 3166 486 3246 pagum
502 3160 646 3225 adortus
663 3166 763 3236 esset,
780 3179 860 3223 cum
877 3163 919 3234 ei,
935 3163 995 3241 qui
1011 3157 1140 3223 fiumen
1157 3164 1295 3223 transis-

228 3283 317 3350 sent,
338 3277 409 3337 suis
428 3269 597 3336 auxilium
618 3269 705 3336 lerre
726 3275 797 3335 non
818 3277 972 3353 possent,
994 3274 1038 3333 ne
1058 3266 1105 3333 ob
1126 3288 1203 3334 eam
1224 3289 1297 3335 rem

227 3390 288 3446 aut
311 3401 392 3446 suae
413 3385 628 3465 magnopere
649 3377 774 3444 vir-tuti
795 3377 962 3444 tribueret
985 3388 1045 3442 aut
1069 3376 1163 3461 ipsos
1185 3377 1296 3462 despi-
1315 3404 1344 3452 25

226 3500 330 3555 ceret.
381 3488 427 3555 Se
440 3488 491 3554 ita
504 3494 525 3553 a
538 3486 697 3573 patribus
712 3487 969 3571 maioribusque
985 3492 1054 3552 suis
1070 3485 1239 3562 didicisse,
1256 3499 1294 3551 ut

229 3595 342 3682 magis
371 3595 502 3660 virtute
531 3595 794 3672 contenderent,
826 3614 931 3679 quam
961 3593 1044 3659 dolo
1073 3604 1135 3659 aut
1164 3593 1297 3660 insidiis

229 3711 434 3770 niterentur.
463 3704 582 3789 Quare
596 3709 640 3769 ne
653 3701 905 3781 committeret,
920 3714 959 3768 ut
975 3701 1003 3768 is
1017 3703 1124 3778 locus
1140 3700 1199 3767 nbi
1215 3708 1297 3768 con-

229 3813 413 3892 stitissent,
429 3835 474 3879 ex
490 3810 689 3878 calamitate
705 3811 825 3897 populi
842 3811 994 3878 Romani
1009 3822 1043 3877 et
1060 3810 1297 3877 internecione

229 3922 403 3990 exercitus
418 3928 545 3988 nomen
562 3931 700 4006 caperet
718 3931 779 3986 aut
796 3920 1000 3987 memoriam
1017 3921 1189 4006 proderet.
1314 3951 1347 3999 30
