3000 4456
533 378 650 431 LIBER
678 379 699 432 l.
725 378 809 432 CAP.
835 391 948 433 20-22.
1239 393 1274 461 ¹5

205 579 252 623 ex
279 555 507 635 reimerum,
534 563 585 622 uti
611 563 719 623 totius
747 555 876 624 Galliae
902 557 1008 624 animi
1033 563 1054 623 o
1079 563 1116 623 se
1141 563 1274 623 everte-

205 675 337 732 rentur.

278 775 376 840 Haec
398 796 477 840 cum
499 774 655 860 ploribus
675 774 789 842 verbis
811 775 896 842 fiens
917 781 937 842 ri
960 774 1107 842 Caesare
1128 787 1275 863 peteret,
1330 802 1332 811 ·

205 883 334 950 Caesar
353 882 427 950 eius
448 885 609 950 dextram
632 885 784 969 prendit;
806 886 1009 952 consolatus
1031 895 1146 972 rogat,
1169 887 1276 955 finem

205 992 329 1058 orandi
347 992 465 1071 laciat;
483 1000 575 1058 tanti
592 993 666 1060 eius
683 994 776 1079 apud
794 1000 831 1061 se
849 993 1000 1080 gratiam
1018 1017 1093 1062 esse
1110 997 1275 1076 ostendit,
1295 1019 1308 1068 5

198 1108 258 1172 uti
278 1112 313 1167 et
335 1108 382 1168 rei
402 1101 560 1186 poblicae
580 1101 741 1168 initiriam
762 1113 796 1168 et
819 1124 921 1168 suum
942 1103 1099 1171 dolorem
1121 1105 1195 1172 eius
1216 1128 1277 1172 vo-

202 1212 334 1277 luntiti
363 1217 403 1276 ac
434 1211 594 1295 precibus
623 1211 812 1278 condonet.
875 1212 1134 1300 Dumnorigem
1165 1216 1208 1281 ad
1240 1222 1276 1282 se

203 1331 320 1399 vocat,
340 1318 482 1386 irotrem
500 1320 658 1399 adhibct;
676 1342 764 1405 quae
782 1320 817 1386 in
836 1328 878 1387 eo
897 1323 1139 1408 reprehendat,
1159 1335 1276 1390 osten-

204 1429 274 1508 dit;
300 1449 388 1513 quae
414 1428 486 1513 ipse
513 1428 703 1514 intellegat,
731 1451 819 1515 quae
846 1431 970 1498 civitas
996 1439 1169 1517 queratur,
1197 1440 1276 1519 pro·

205 1538 324 1624 ponit;
352 1549 485 1617 monet,
514 1550 554 1604 ut
583 1538 618 1603 in
647 1539 819 1624 reliquum
847 1552 988 1626 tempus
1016 1537 1138 1608 omn'es
1168 1548 1276 1628 suspi-
1299 1567 1328 1604 ιο

205 1648 325 1714 ciones
350 1654 434 1713 vitet
443 1669 450 1726 ;
476 1647 660 1731 praeterita
684 1655 722 1744 se
750 1649 930 1715 Divicirico
956 1650 1051 1716 lraitri
1076 1651 1276 1730 condonare

205 1756 303 1823 dicit.
351 1757 565 1842 Dumnorigi
587 1757 753 1824 custodes
775 1758 887 1842 ponit,
910 1769 948 1824 ut
972 1780 1060 1845 quae
1082 1770 1177 1846 agat,
1201 1760 1275 1845 qui-

203 1867 353 1932 buscum
370 1867 544 1950 loquatur,
564 1873 650 1935 scire
669 1867 787 1952 possit.

411 2031 518 2085 Caesar
523 2034 667 2102 preparas
679 2038 707 2086 to
719 2031 819 2086 attack
830 2031 878 2087 the
890 2033 1067 2086 Helvetr'anr.

275 2140 410 2207 Eodem
432 2141 487 2207 die
506 2141 550 2207 ab
571 2142 854 2227 exploratoribus
874 2143 1003 2208 certior
1024 2143 1135 2209 lactus
1155 2143 1276 2209 hostes
1293 2159 1334 2212 21

202 2249 271 2316 sub
293 2262 414 2316 monte
436 2251 635 2317 consedisse
657 2251 750 2317 milia
772 2273 937 2337 passuum
960 2253 1002 2317 ab
1025 2253 1132 2338 ipsius
1154 2260 1277 2319 castris
1298 2283 1325 2330 15
1416 2259 1420 2267 “

203 2366 301 2437 octo,
326 2359 437 2445 qualis
459 2373 549 2427 esset
575 2367 700 2427 natora
724 2361 856 2426 montis
879 2371 913 2426 et
937 2361 1046 2446 qualis
1070 2361 1103 2426 in
1128 2361 1275 2428 circuito

203 2476 378 2548 ascensus,
405 2477 465 2555 qui
489 2477 756 2556 cognoscerent,
784 2469 888 2535 misit.
940 2470 1197 2537 Renimtiatum
1223 2482 1276 2538 est

204 2579 339 2646 facilem
359 2602 442 2646 esse.
495 2581 549 2646 De
570 2580 674 2646 tertio
693 2579 811 2666 vigilia
830 2579 870 2645 T.
894 2579 1097 2658 Labienum,
1119 2581 1277 2666 legetum

206 2696 272 2775 pro
286 2696 457 2775 praetore,
473 2711 553 2755 cum
568 2688 703 2755 duabus
718 2687 915 2775 legionibus
931 2701 965 2754 et
982 2694 1029 2754 eis
1045 2689 1201 2768 ducibus,
1218 2697 1277 2774 qui

205 2799 273 2865 iter
299 2806 552 2888 cognoverant,
581 2820 757 2865 summum
783 2799 907 2885 iugum
935 2799 1066 2864 montis
1092 2802 1278 2879 ascendere
1296 2831 1328 2868 20

206 2909 320 2988 iubet;
343 2910 426 2995 quid
451 2916 503 2975 sui
527 2908 661 2975 consilii
686 2908 738 2988 sit,
764 2908 931 2976 ostendit.
983 2908 1062 2993 Ipse
1086 2910 1129 2975 de
1153 2917 1278 2994 quarte

208 3019 327 3105 vigilia
339 3020 464 3085 eodem
477 3018 600 3084 itinere
614 3025 685 3102 quo
699 3019 820 3084 hostes
834 3016 945 3083 ierant
962 3018 1005 3083 ad
1018 3024 1079 3083 eos
1093 3019 1277 3084 contendit

206 3128 475 3212 equitotumque
502 3149 643 3192 omnem
670 3138 752 3192 ante
779 3134 815 3193 se
842 3127 962 3193 mittit.
1014 3128 1051 3193 P.
1081 3127 1278 3208 Considius

206 3243 266 3322 qui
288 3243 336 3303 rei
358 3236 515 3303 militeris
537 3236 766 3321 peritissimus
788 3236 983 3302 habebotur
1005 3247 1039 3302 et
1064 3237 1098 3302 in
1121 3227 1279 3305 exercito

207 3345 248 3411 L.
271 3345 386 3412 Sullae
407 3356 442 3412 et
464 3353 585 3431 posteri
605 3345 640 3411 in
663 3346 711 3410 M.
736 3343 851 3412 Crassi
872 3344 995 3424 luerat,
1018 3368 1098 3412 cum
1120 3349 1279 3433 exploro·
1297 3378 1328 3428 25

208 3456 344 3522 toribus
366 3454 613 3541 praemittitur.

330 3621 486 3676 Thebunte
498 3622 524 3674 is
535 3619 695 3691 delayedby
706 3618 754 3673 the
765 3635 848 3673 error
860 3618 896 3690 os
904 3635 922 3671 a
936 3619 1048 3673 Roman
1061 3619 1160 3689 officer.

278 3732 393 3797 Prima
414 3731 499 3809 lirce,
522 3753 602 3796 cum
623 3752 779 3797 summus
800 3737 902 3796 mons
922 3737 942 3796 o
965 3731 1123 3797 Labieno
1145 3736 1278 3797 tenere·
1296 3751 1338 3805 22

207 3850 274 3918 tur,
293 3841 366 3926 ipse
384 3841 427 3907 ab
446 3839 602 3907 hostium
621 3846 743 3905 castris
762 3845 832 3904 non
852 3839 993 3924 longius
1012 3841 1104 3906 mille
1124 3851 1158 3906 et
1180 3847 1279 3925 quin-

208 3957 326 4036 gentis
348 3949 506 4036 passibus
529 3951 675 4028 abesset,
701 3971 823 4034 neque,
849 3957 888 4012 ut
913 3955 1037 4032 posteri
1061 3971 1104 4014 ex
1130 3957 1276 4033 captivis
