3014 4452
531 384 648 438 Lissi<
674 387 738 440 vn.
765 387 848 440 cxn.
874 397 988 454 72-75·
1234 396 1295 464 215

227 563 344 627 revelli
358 573 511 646 possent,
528 563 570 629 ab
586 570 690 629 rimis
704 564 913 631 eminebant.
964 563 1073 649 Quini
1090 574 1187 629 erant
1204 561 1295 628 ordi-

228 677 299 747 nes,
316 672 494 737 coniuncti
510 671 599 738 inter
614 679 650 739 se
665 684 770 758 atque
786 673 966 758 implicati;
984 678 1054 757 quo
1071 679 1131 756 qui
1147 672 1296 737 intrave-

228 791 314 857 rant,
336 787 372 846 se
393 780 458 864 ipsi
477 781 684 846 acutissimis
705 782 801 848 vaillis
822 782 1022 848 inducibant.
1073 781 1152 847 Hos
1174 781 1295 866 cippos

227 889 456 973 appellabant.

296 999 389 1064 Ante
410 1000 474 1064 hos
496 1000 645 1084 obliquis
667 1000 846 1066 ordinibus
868 1000 903 1066 in
924 1005 1158 1084 quincuncem
1180 1001 1295 1086 dispo
1314 1021 1327 1068 s

228 1108 300 1173 sitis
324 1109 464 1173 scrobes
488 1107 522 1174 in
547 1108 764 1174 altitudinem
789 1109 894 1174 trium
920 1109 1049 1193 pedum
1073 1109 1295 1176 fodiebantur

226 1217 392 1301 paulatim
409 1216 611 1302 angustiore
628 1217 671 1284 ad
687 1217 848 1284 infimum
866 1217 1016 1304 fastigio.
1068 1219 1150 1285 Hire
1168 1225 1295 1286 teretes

225 1327 359 1410 stipites
369 1325 506 1391 leminis
518 1325 744 1392 crassitudine
756 1327 799 1393 ab
811 1331 950 1392 summo
963 1334 1139 1412 praeacuti
1151 1339 1185 1395 et
1199 1347 1294 1412 prae-

226 1441 295 1500 irsti
318 1435 600 1514 demittebantur,
624 1435 671 1501 ita
694 1446 732 1501 ut
756 1442 826 1501 non
849 1437 997 1528 amplius
1020 1437 1138 1522 digitis
1162 1458 1225 1503 1111
1248 1461 1293 1505 ex

227 1551 319 1610 terrai
335 1543 541 1622 eminerent3
558 1544 660 1610 simul
677 1545 908 1612 confirmandi
925 1557 958 1612 et
977 1548 1174 1614 stabiliendi
1191 1555 1294 1614 causa
1313 1569 1345 1605 10

226 1654 353 1739 singuli
373 1655 415 1720 ab
435 1653 557 1719 infimo
578 1655 653 1720 solo
674 1655 780 1738 pedes
800 1661 891 1720 terra
911 1656 1196 1736 exculcabantur3
1218 1656 1293 1722 reli-

226 1785 295 1846 qua
316 1785 395 1848 pars
416 1763 548 1829 scrobis
570 1763 612 1828 ad
635 1764 861 1829 occultandis
881 1764 1021 1830 insidias
1044 1764 1231 1831 viminibus
1253 1772 1293 1831 tic

226 1873 385 1958 virgultis
410 1872 642 1957 integebatur.
705 1872 822 1938 Huius
848 1873 984 1957 generis
1009 1880 1129 1939 octoni
1155 1874 1293 1940 ordines

226 1981 322 2047 ducti
342 1988 459 2048 ternos
481 1982 570 2047 inter
590 1986 626 2047 se
647 1982 753 2066 pedes
774 1981 957 2048 distabant.
1008 1982 1049 2047 Id
1071 2004 1115 2048 ex
1137 1983 1293 2048 similitu-

224 2091 304 2157 dine
319 2091 413 2157 floris
430 2091 537 2157 lilium
554 2092 782 2176 appellabant.
832 2091 926 2158 Ante
943 2092 1028 2158 haec
1043 2093 1152 2158 trileae
1168 2093 1292 2177 pedem
1314 2115 1342 2164 ις

225 2201 351 2287 longae
368 2200 486 2267 ferreis
503 2202 615 2267 hamis
632 2201 750 2267 infixis
768 2207 862 2267 totae
880 2201 914 2266 in
934 2212 1060 2268 terram
1078 2200 1293 2267 infodieban-

226 2323 292 2390 tur,
318 2312 620 2396 mediocribusque
646 2312 850 2378 intermissis
875 2312 994 2395 spatiis
1019 2311 1182 2376 omnibus
1209 2311 1293 2376 locis

226 2421 495 2500 disserebantur;
514 2428 603 2505 quos
621 2422 780 2487 stimulis
799 2421 1035 2487 nominabant.

419 2592 544 2645 Stinr'lar
561 2593 686 2664 defensas
704 2594 824 2662 agat'nst
840 2590 889 2645 the
906 2597 986 2645 outer
1003 2609 1105 2663 enemy.

297 2703 364 2767 His
385 2702 488 2768 rebus
510 2703 681 2787 perlectis,
705 2701 866 2786 regiones
889 2707 1027 2766 secutus
1050 2722 1154 2786 quam
1178 2700 1291 2786 potuit
1310 2717 1352 2788 74

226 2811 449 2896 aequissimas
469 2817 532 2896 pro
554 2810 622 2876 loci
641 2816 766 2877 naturai
787 2829 878 2875 x1111
898 2809 991 2875 milia
1013 2831 1176 2894 passuum
1197 2832 1292 2876 com-
1312 2843 1344 2879 20

227 2922 349 3004 plexus
371 2927 470 3006 pares
492 2920 647 2987 eiusdem
670 2919 807 3004 generis
829 2919 1052 2995 munitiones,
1076 2919 1227 2985 diversis
1249 2919 1292 2984 ab

227 3030 290 3107 his,
315 3036 438 3096 contri
460 3029 671 3096 exteriorem
694 3029 832 3095 hostem
855 3027 1009 3113 perfecit,
1035 3039 1073 3094 ut
1098 3035 1141 3095 ne
1164 3035 1293 3114 magna

224 3138 365 3222 quidem
382 3138 604 3204 multitudine
626 3139 671 3222 [si
687 3138 734 3204 ita
748 3137 881 3203 accidat
897 3137 971 3203 eius
988 3136 1158 3220 discessu]
1181 3143 1293 3201 mimi-

226 3249 361 3315 tidnum
385 3249 553 3332 praesidia
575 3247 805 3313 circumfundi
827 3256 983 3331 possent;
1007 3252 1051 3311 ne
1073 3255 1189 3310 autem
1213 3265 1293 3310 cnm

226 3359 379 3443 periculo
400 3380 444 3423 ex
465 3362 585 3422 castris
605 3357 725 3441 egredi
746 3363 904 3440 cogatur.
926 3354 1061 3420 dierum
1083 3373 1163 3419 xxx
1185 3355 1293 3438 pabu·
1312 3390 1342 3439 25

226 3468 297 3532 lum
318 3467 602 3551 frumentumque
623 3466 748 3532 habere
770 3470 892 3530 omnes
913 3475 1122 3531 convectum
1144 3463 1249 3530 iubet.

372 3635 498 3689 Genera!
511 3634 574 3704 lersy
591 3633 627 3705 os*
642 3633 732 3687 Gauls
740 3633 799 3705 for
816 3632 864 3686 the
881 3632 971 3704 relies
984 3634 1020 3704 os
1033 3633 1141 3686 Alesia.

296 3746 390 3811 Dum
406 3746 490 3811 haec
507 3744 549 3810 ad
565 3743 718 3809 Alesiam
735 3754 914 3828 geruntur,
933 3742 1021 3809 Galli
1036 3743 1184 3809 concilio
1201 3749 1293 3828 prin·
1311 3755 1352 3825 75

226 3853 343 3938 cipum
366 3855 498 3920 indicto
523 3857 594 3918 non
617 3859 740 3918 omnes
763 3859 823 3936 qui
846 3873 941 3917 arma
964 3852 1051 3918 ferre
1075 3864 1229 3936 possent,
1255 3861 1292 3918 ut

226 3962 359 4029 censuit
380 3961 662 4046 Vercingetorix,
682 3961 930 4026 convocandos
948 3971 1122 4040 statuunt,
1143 3962 1202 4027 sed
1222 3983 1293 4028 cer·

384 4069 414 4119 19
