3048 4444
524 343 642 397 LIBER
667 343 732 397 VII.
759 344 841 398 CAP.
868 357 980 414 33-35.
1226 350 1286 432 189

286 520 377 588 Cum
401 542 512 606 prope
535 522 650 588 omnis
674 523 795 589 civitas
819 530 862 590 ee
886 525 1116 602 convenisset,
1140 525 1282 592 docere-

215 642 341 716 turque
362 636 480 716 paucis
500 631 588 697 clam
608 637 810 698 convocetis
829 633 897 698 alie
917 634 1006 711 loce,
1027 634 1097 700 alie
1114 645 1283 720 tempore,

216 752 320 824 atque
347 739 554 825 oportuerit,
582 739 723 806 fretrem
749 747 770 808 e
795 740 900 810 iretre
925 727 1175 819 ‘renuntiatum
1203 763 1283 808 cum

215 851 310 935 leges
329 850 401 916 duo
420 855 554 916 exime
573 848 700 916 familie
718 856 799 915 vive
819 856 969 934 utreque
988 856 1060 916 nen
1079 852 1191 916 selum
1212 872 1283 917 ma-

216 959 382 1045 gistrettis
400 964 509 1025 creeri
526 965 695 1035 veterent,
714 957 774 1024 sed
793 957 897 1024 etiam
915 959 950 1023 in
969 964 1091 1025 senetu
1110 980 1184 1024 esse
1203 980 1283 1043 pro·
1302 985 1315 1034 ς

216 1068 384 1146 biberent,
410 1067 540 1134 Cotum
565 1067 750 1153 imperium
775 1068 951 1151 deperiere
976 1066 1108 1152 coegit;
1135 1067 1283 1134 Convic-

215 1177 405 1254 tolitavem,
423 1184 484 1261 qui
501 1198 563 1261 per
580 1177 779 1243 sacerdetes
798 1181 895 1242 more
914 1175 1062 1242 civitetis
1081 1175 1283 1242 intermissis

214 1287 475 1372 magistretibus
493 1298 582 1353 esset
601 1293 747 1364 creetus,
767 1292 978 1372 potestetem
997 1285 1155 1352 obtinere
1174 1286 1281 1352 iussit.

282 1473 329 1526 He
345 1472 427 1527 sends
447 1473 592 1527 Labienus
609 1473 789 1535 northward,
809 1474 873 1526 and
881 1489 952 1544 goes
969 1471 1091 1544 himself
1104 1472 1223 1525 toward

671 1562 823 1632 Gergovr'a.

283 1669 365 1736 Hec
381 1671 522 1737 decreti>
539 1671 756 1756 interposite,
772 1710 819 1720 —
834 1672 1038 1737 cohortetus
1055 1670 1225 1736 Haeduos
1243 1682 1280 1735 ut
1298 1678 1341 1745 34

214 1781 529 1846 contreversierum
554 1787 594 1846 ec
619 1781 842 1847 dissensienis
867 1782 1153 1846 obliviscerentur
1177 1790 1281 1863 atque
1302 1800 1333 1836 10

214 1889 377 1954 omnibus
392 1889 529 1955 omissis
550 1889 636 1974 [his]
656 1891 760 1955 rebus
775 1889 855 1956 huic
870 1890 962 1956 belle
978 1895 1157 1966 servirent,
1174 1909 1282 1972 eaque

215 2019 303 2082 quae
325 1999 531 2065 meruissent
554 1999 706 2083 praemia
725 2000 769 2065 ab
791 2005 827 2065 se
848 1999 985 2065 devicte
1007 1999 1117 2065 Gallie
1139 2018 1281 2082 exspec-

214 2112 338 2185 terent,
362 2106 627 2191 equitatumque
649 2129 792 2174 omnem
815 2119 849 2174 et
872 2107 1030 2192 peditum
1052 2107 1147 2173 milia
1170 2130 1193 2171 x
1217 2105 1281 2172 sibi

214 2215 369 2282 celeriter
390 2216 579 2294 mitterent,
602 2238 690 2301 quae
710 2217 745 2281 in
768 2217 944 2300 praesidiis
966 2223 1015 2282 rei
1036 2216 1281 2282 frumenteriae

214 2331 317 2391 cause
337 2325 548 2411 disponeret,
568 2364 615 2374 -
635 2326 828 2392 exercitum
850 2326 884 2390 in
906 2327 992 2392 dues
1013 2332 1128 2410 partes
1150 2326 1279 2414 divisit:
1301 2348 1330 2398 ις

213 2446 381 2520 quattuor
399 2434 554 2521 legienes
572 2434 606 2501 in
625 2434 782 2502 Senones
802 2435 1021 2520 Parisiesque
1040 2435 1197 2502 Labiene
1217 2437 1279 2502 dii-

214 2542 340 2607 cendas
356 2542 451 2608 dedit
458 2564 467 2621 ;
483 2563 545 2608 sex
562 2541 635 2626 ipse
651 2542 685 2606 in
703 2543 880 2608 Arvernes
897 2542 940 2607 ad
957 2541 1128 2627 oppidum
1146 2542 1281 2628 Gergo-

212 2649 302 2716 viam
318 2651 509 2716 secundum
528 2651 655 2716 fiumen
675 2651 799 2716 Elaver
814 2650 930 2730 dexit;
956 2651 1130 2735 equitetis
1147 2664 1280 2737 partem

214 2759 260 2824 illi
275 2760 442 2838 attribuit,
459 2771 591 2844 partem
608 2760 672 2825 sibi
688 2760 834 2844 reliquit.
885 2760 967 2846 Que
982 2768 1020 2827 re
1035 2762 1178 2846 cegnite
1194 2763 1281 2828 Ver-

212 2868 420 2953 cingetorix,
439 2869 602 2936 omnibus
619 2870 820 2954 interruptis
839 2870 912 2936 eius
932 2870 1083 2937 fluminis
1103 2871 1280 2956 pontibus,
1299 2896 1332 2934 20

214 2978 256 3043 ab
274 2978 380 3044 altere
399 2978 550 3044 fluminis
569 2989 665 3062 parte
683 2979 748 3045 iter
766 2979 878 3045 facere
897 2980 1022 3064 coepit.
1125 3001 1126 3004 ¹

338 3139 385 3192 He
401 3141 518 3192 ouuor'ls
539 3139 759 3210 Vercuffetoru
776 3141 840 3193 and
853 3157 957 3195 crosses
974 3141 1023 3196 the
1039 3141 1144 3196 Allr'er.

282 3264 372 3331 Cum
398 3275 545 3350 uterque
571 3266 745 3351 utrimque
771 3274 898 3334 exisset
925 3269 1109 3347 exercitus,
1136 3269 1170 3333 in
1197 3275 1279 3334 con-
1296 3283 1339 3352 35

211 3381 331 3458 spectu
353 3374 493 3459 fereque
513 3382 533 3441 e
553 3376 697 3462 regione
719 3377 873 3444 Caesaris
895 3389 1006 3445 castra
1027 3379 1190 3463 penebat,
1213 3379 1280 3444 dis-

211 3484 332 3567 positis
360 3487 652 3570 explereteribuS‚
681 3488 806 3554 necubi
835 3489 962 3555 effecte
990 3479 1098 3574 ponte
1129 3491 1281 3555 Remeni

211 3592 329 3676 cepiis
349 3595 580 3663 treducerent.
625 3598 708 3663 Erat
728 3597 763 3663 in
783 3605 921 3683 megnis
941 3597 1078 3664 Caesari
1098 3597 1279 3680 difficulte-
1299 3619 1329 3668 25

211 3701 304 3768 tibus
320 3711 373 3770 res
389 3713 432 3772 ne
449 3707 616 3773 meierem
632 3707 772 3773 aestetis
789 3718 922 3794 partem
940 3707 1082 3772 flirmine
1098 3707 1280 3792 impedire-

211 3821 279 3888 tur,
294 3816 388 3898 quod
405 3822 476 3881 nen
493 3816 563 3883 iere
577 3827 658 3882 ante
673 3827 881 3882 autumnum
898 3817 1023 3883 Elaver
1038 3818 1128 3883 vade
1144 3823 1281 3884 trensiri

211 3923 309 3988 solet.
360 3924 493 4008 Itaque,
511 3932 554 3990 ne
571 3925 605 3990 id
621 3924 803 4004 accideret,
821 3925 967 3990 silvestri
985 3926 1063 3991 loce
1081 3933 1200 3991 castris
1219 3948 1279 4011 po-
