3000 4456
239 389 261 450 4
631 371 743 424 BELLI
770 371 929 426 cantici

243 555 335 628 sues,
353 554 504 634 quorum
520 554 688 633 megnum
705 571 889 615 numerum
905 550 1067 630 habebat,
1086 550 1210 617 eodem
1226 572 1308 617 con·

244 657 345 723 duxit
354 678 362 736 ;
387 679 448 743 per
471 662 541 736 ees,
568 663 611 723 ne
636 679 776 723 causam
801 659 943 738 diceret,
971 665 1007 726 se
1031 659 1169 744 eripuit.
1220 658 1310 727 Cum
1351 745 1354 750 Ι

243 766 364 833 civitais
388 767 435 832 ob
460 787 537 832 eam
562 787 634 831 rem
659 765 805 832 incitata
830 767 1010 833 armisius
1036 789 1139 834 suum
1164 775 1307 853 exsequi

242 882 429 942 coneretur
448 875 781 960 multitudinemque
801 875 984 942 hominum
1004 899 1048 943 ex
1068 883 1161 962 agris
1182 876 1307 963 magis-

208 991 353 1065 5trati1s
377 991 555 1070 cogerent,
581 969 775 1070 Orgetorix
799 995 959 1050 mortuus
983 995 1049 1064 est;
1074 1007 1186 1069 neque
1211 986 1308 1051 abest

243 1093 404 1179 suspicid,
422 1105 459 1160 ut
478 1089 632 1160 Helvetii
649 1093 868 1172 arbitrantur,
886 1101 969 1179 quin
988 1095 1060 1180 ipse
1078 1095 1141 1161 sibi
1158 1106 1308 1162 mortem

242 1203 459 1269 censciverit.

246 1374 304 1429 The
315 1375 486 1429 Helvetium
497 1375 571 1430 burn
583 1376 662 1430 their
675 1375 776 1430 honus.
822 1376 897 1447 They
909 1393 962 1430 are
965 1376 1074 1448 joined
1080 1373 1115 1447 'by
1127 1376 1208 1430 other
1220 1376 1307 1430 trabes

200 1499 222 1570 5
312 1484 398 1551 Post
421 1485 496 1552 eius
519 1496 671 1552 mortem
695 1485 802 1552 nihilo
826 1485 940 1553 minus
965 1485 1121 1552 Helvetii
1143 1484 1188 1565 id,
1212 1486 1308 1570 quod

241 1593 509 1674 constituerant,
526 1594 637 1661 iacere
653 1601 836 1674 conantur,
853 1605 892 1661 ut
908 1601 928 1661 e
943 1594 1071 1661 linibus
1086 1600 1156 1660 suis
1171 1605 1307 1661 exeant.

191 1724 222 1762 10
242 1702 313 1769 Ubi
330 1703 398 1769 iarn
415 1710 451 1770 se
467 1704 511 1770 ad
528 1726 605 1770 eam
621 1726 694 1770 rem
712 1711 852 1790 paretes
869 1725 943 1770 esse
960 1703 1117 1770 arbitreti
1136 1713 1228 1782 sunt,
1247 1725 1309 1788 op-

242 1812 322 1897 pida
342 1833 404 1880 sua
424 1813 552 1892 omnia,
573 1821 719 1880 numero
738 1814 782 1880 ad
802 1813 1000 1893 duodecim,
1022 1819 1118 1880 vices
1137 1813 1180 1879 ad
1202 1813 1309 1899 quad-

239 1920 432 2007 ringentos
451 1917 581 2008 reliqua
598 1928 734 2008 priveta
751 1922 906 1989 aedificia
924 1922 1132 2000 incendunt;
1156 1921 1307 1987 irirmen-

241 2040 319 2097 tum
338 2054 453 2110 omne,
475 2044 613 2116 praeter
633 2033 728 2118 quod
747 2040 866 2098 secum
886 2037 1062 2117 portetriri
1082 2040 1191 2108 erant,
1214 2050 1308 2094 com-

241 2140 382 2218 burunt,
409 2149 457 2218 ut,
483 2140 629 2206 domum
655 2141 833 2207 reditionis
859 2147 920 2224 spe
945 2139 1090 2214 sublete,
1118 2137 1306 2220 paretieres

191 2273 218 2324 ις
241 2248 284 2313 ad
312 2249 429 2314 omnia
457 2250 608 2333 pericula
634 2247 814 2314 subeunda
841 2258 970 2324 essent;
999 2246 1104 2311 trium
1134 2245 1305 2310 mensium

240 2357 361 2423 molita
381 2357 508 2422 ciberia
528 2357 591 2422 sibi
612 2377 786 2441 quemque
807 2355 914 2420 domo
936 2354 1041 2420 effere
1062 2354 1192 2420 iubent.

310 2465 524 2532 Persuedent
543 2467 708 2531 Rauracis
726 2475 760 2530 et
779 2463 939 2549 Tulingis
957 2475 991 2530 et
1011 2463 1214 2551 Latobrigis
1231 2463 1307 2531 nni-

239 2574 342 2652 timis‚
357 2580 408 2640 uti
422 2573 547 2640 eodem
561 2579 614 2638 irsi
627 2571 783 2650 censilio,
798 2571 936 2656 oppidis
951 2579 1021 2637 suis
1035 2579 1188 2659 vicisque
1204 2581 1305 2640 extis-

240 2691 294 2761 tis,
323 2689 392 2749 tine
419 2703 499 2749 cum
526 2689 575 2748 eis
602 2681 879 2766 proficiscantur;
909 2681 1097 2765 Beiesque,
1124 2690 1184 2767 qui
1213 2690 1306 2749 treus

187 2823 219 2860 ιο
240 2793 404 2860 Rhenum
421 2791 638 2858 incoluerant
658 2801 692 2858 et
711 2791 745 2856 in
765 2812 888 2877 agrum
909 2791 1079 2858 Nericum
1097 2793 1303 2860 transierant

241 2901 476 2986 Nereiamque
501 2907 759 2987 oppugnerant,
785 2907 946 2986 receptes
971 2902 1015 2968 ad
1041 2909 1077 2968 se
1102 2901 1216 2969 socies
1241 2901 1305 2968 sibi

239 3012 448 3077 adsciscunt.

332 3172 376 3241 Of
384 3177 440 3225 two
451 3177 546 3226 routes
557 3171 622 3243 they
633 3171 728 3226 choose
739 3172 787 3227 the
798 3189 850 3227 one
862 3173 989 3246 through
1003 3173 1051 3228 the
1065 3174 1213 3228 Province.

198 3275 219 3342 ό
311 3281 420 3346 Erant
441 3287 586 3347 omnino
606 3281 730 3348 itinera
749 3282 831 3362 du0,
851 3283 977 3368 quibus
997 3283 1178 3350 itineribus
1198 3282 1306 3348 dome

242 3395 336 3455 exire
372 3400 530 3474 possent:
568 3397 678 3456 tinum
714 3413 775 3476 per
812 3392 1002 3476 Sequanos,
1040 3402 1232 3478 angustum
1269 3399 1304 3455 et

187 3513 217 3564 ²5
238 3497 384 3577 difficile,
400 3499 492 3566 inter
505 3511 663 3567 montem
680 3501 797 3567 Iuram
811 3513 846 3568 et
863 3503 991 3567 flumen
1009 3501 1230 3577 Rhodanum,
1247 3497 1306 3564 vix

239 3614 308 3693 quai
332 3608 460 3694 singuli
485 3617 572 3676 carri
597 3611 823 3688 decerentur;
849 3617 950 3675 mens
974 3621 1093 3675 autem
1119 3607 1307 3674 altissimus

239 3717 476 3803 impendebat,
494 3730 533 3786 ut
550 3719 648 3786 iacile
666 3726 829 3804 perpauci
845 3717 1028 3803 prohibere
1045 3727 1204 3801 possent;
1222 3715 1305 3781 alte·

238 3849 315 3893 rum
328 3849 388 3912 per
400 3828 616 3913 provinciam
629 3840 797 3907 nostram,
811 3829 923 3893 multo
938 3827 1069 3893 lacilius
1082 3837 1189 3911 atque
1203 3845 1306 3909 expe-

239 3935 356 4015 ditius,
373 3943 560 4024 propterea
575 3939 670 4024 quod
686 3937 779 4004 inter
793 3936 880 4004 lines
897 3935 1143 4004 Helvetierum
1159 3946 1193 4002 ct
1208 3933 1306 4001 Allo
