3000 4456
280 333 319 396 28
667 329 780 384 BELLI
807 327 965 385 GALLICI

247 501 249 504 ’
281 510 421 595 quidem
440 520 545 595 atque
564 510 673 576 aciem
691 511 873 577 oculerum
892 511 1054 576 dIcebant
1074 509 1161 576 lerre
1179 507 1347 596 potuisse,

280 631 468 714 -tantus
493 619 611 685 subite
635 619 743 686 timor
766 641 906 685 omnem
930 619 1124 685 exercitum
1149 620 1346 704 occupavit,

279 740 319 794 ut
337 735 407 793 nen
425 727 648 794 mediocriter
664 728 822 794 omnium
840 734 975 794 mentes
992 728 1196 813 animesque
1214 740 1347 814 pertur-

281 838 386 904 beret.
438 839 508 904 Hic
524 843 675 923 primum
690 848 790 902 ortus
805 849 857 903 est
873 843 893 902 a
909 836 1057 904 tribtinis
1069 837 1233 916 militum,
1251 860 1347 923 prae-

244 955 258 1006 5
282 945 380 1013 lectis
394 946 610 1032 reliquisque,
627 951 745 1031 quiex
759 945 843 1011 urbe
858 943 1031 1011 amicitiae
1045 951 1149 1011 cause
1165 944 1348 1012 Caesarem

280 1061 391 1121 secriti
421 1062 492 1121 nen
522 1062 691 1142 maignum
720 1054 755 1119 in
785 1061 822 1120 re
851 1053 992 1120 militeri
1022 1061 1124 1120 fisum
1155 1055 1346 1134 habebant;

280 1170 430 1249 querum
452 1164 539 1234 alius
560 1165 626 1230 alia
646 1170 750 1230 cause
771 1164 889 1242 inlita
913 1185 1019 1248 quam
1041 1163 1104 1230 sibi
1127 1164 1171 1229 ad
1193 1164 1348 1249 proficis-

280 1274 430 1338 cendum
453 1272 678 1339 necesseriam
700 1294 774 1339 esse
796 1273 938 1351 diceret,
962 1273 1105 1358 petebat
1128 1283 1167 1337 ut
1191 1272 1265 1338 eius
1287 1295 1348 1340 vo-

280 1380 416 1448 luntate
435 1381 610 1448 discedere
628 1381 763 1461 liceret;
781 1387 853 1447 nen
873 1381 958 1446 nulli
977 1382 1111 1466 pudere
1131 1382 1284 1460 adducti,
1305 1394 1345 1448 ut

229 1511 261 1548 10
279 1491 415 1557 timeris
435 1491 667 1576 suspicienem
687 1498 851 1572 vitarent,
874 1491 1111 1558 remanebant.
1163 1491 1213 1555 Hi
1234 1512 1347 1576 neque

279 1601 414 1667 vultum
436 1600 568 1687 fingere
590 1623 702 1687 neque
724 1600 901 1668 interdum
924 1600 1082 1667 lacrimas
1107 1607 1225 1667 tenere
1247 1610 1347 1687 pote-

279 1720 373 1789 rant;
398 1710 508 1776 abditi
525 1709 559 1775 in
577 1711 808 1777 taberneculis
825 1721 886 1777 aut
904 1731 1006 1777 suum
1025 1710 1137 1777 letum
1155 1711 1345 1797 quereban-

279 1829 337 1884 tur
354 1830 414 1885 aut
435 1841 515 1886 cum
534 1818 757 1886 familiaribus
776 1827 846 1886 suis
865 1826 1052 1886 commt‘me
1072 1821 1264 1905 periculum
1284 1820 1347 1887 mi-

280 1929 490 1995 serebantur.
545 1929 684 2017 [Vulgci
704 1935 791 1996 tetIs
810 1937 932 1998 castris
952 1936 1162 1997 testamenta
1182 1930 1345 2015 obsigne-

229 2052 257 2103 15
279 2038 435 2124 bantur]

349 2149 489 2214 Herum
513 2148 658 2215 vecibus
681 2155 722 2216 ec
746 2148 872 2215 timere
895 2149 1064 2233 pauletim
1089 2147 1195 2213 etiam
1220 2154 1260 2225 ei,
1287 2154 1347 2232 qui

278 2261 445 2340 megnum
458 2258 493 2322 in
508 2265 630 2324 castrIs
644 2265 746 2324 usum
761 2257 946 2336 habebant,
964 2257 1091 2322 milites
1106 2257 1343 2323 centurienes-

278 2385 343 2448 que
364 2371 491 2450 quique
511 2367 684 2451 equitatui
704 2377 895 2451 praeerant,
918 2366 1225 2450 perturbabantur,
1274 2368 1347 2453 Qui

279 2479 316 2538 se
340 2495 384 2539 ex
409 2475 461 2540 his
486 2475 601 2541 minus
625 2475 768 2540 timides
792 2475 985 2540 existimeri
1010 2476 1186 2556 volebant,
1213 2483 1285 2543 nen
1311 2484 1348 2544 se

226 2603 257 2640 20
278 2582 416 2649 hostem
436 2589 555 2661 vereri,
576 2584 635 2649 sed
656 2582 836 2668 angustias
856 2583 989 2650 itineris
1008 2595 1043 2651 et
1065 2586 1347 2672 megnitfldinem

278 2691 450 2771 silverum,
469 2714 557 2776 quae
574 2692 828 2758 intercederent
847 2692 939 2759 inter
955 2693 1050 2779 ipses
1067 2707 1174 2781 atque
1190 2696 1347 2763 Ariovis-

280 2811 365 2878 tum,
383 2811 442 2866 aut
459 2821 532 2866 rem
550 2799 819 2878 lrr'rmentariam,
837 2811 876 2867 ut
894 2802 976 2868 satis
993 2805 1181 2871 commode
1200 2825 1346 2888 suppor-

280 2914 346 2972 teri
363 2918 491 2992 posset,
511 2907 633 2973 timere
652 2908 823 2975 dicebant.
875 2911 958 2977 Ndn
977 2914 1062 2978 milli
1080 2913 1187 2980 etiam
1206 2913 1345 2980 Caesari

277 3017 493 3093 mintiebant,
515 3038 594 3082 cunr
616 3029 726 3083 castra
746 3026 879 3086 moveri
899 3027 938 3087 ec
959 3029 1059 3107 signa
1079 3023 1158 3088 ferri
1178 3023 1342 3099 iussisset,

225 3151 255 3200 ες
277 3132 348 3190 nen
370 3124 443 3190 lore
465 3124 562 3190 dicte
583 3126 765 3193 audientes
788 3130 915 3196 milites
939 3153 1051 3216 neque
1074 3143 1219 3217 propter
1242 3132 1346 3199 time-

278 3255 350 3300 rem
368 3239 467 3319 signa
485 3234 627 3300 lenires

286 3453 393 3507 Caesar
404 3453 550 3509 addresses
561 3455 608 3510 his
619 3475 690 3520 men,
704 3459 800 3514 makes
811 3460 889 3532 light
900 3461 936 3534 ry*
944 3461 1022 3516 their
1026 3462 1123 3535 fears,
1137 3463 1202 3517 and
1209 3463 1336 3517 declares

492 3542 539 3597 his
551 3547 691 3600 mentibu
703 3548 740 3620 os
747 3548 916 3620 advanct'ng
929 3551 1129 3621 immediately.

215 3685 258 3750 40
346 3669 445 3734 Haec
462 3692 543 3736 cum
561 3673 872 3755 animadvertisset,
893 3683 1089 3743 convocetr')
1108 3677 1254 3744 censilie
1272 3699 1347 3743 om-

277 3776 444 3863 niumque
467 3781 629 3847 erdinum
652 3783 695 3848 ad
719 3783 752 3849 id
776 3784 960 3851 censilium
983 3786 1148 3853 adhibitis
1172 3786 1347 3853 centurie-

275 3886 379 3952 nibus
409 3889 635 3956 vehementer
665 3898 724 3957 ees
755 3893 943 3960 inctisa'tvit:
975 3902 1125 3980 primum
1157 3896 1252 3980 quod
1285 3905 1345 3961 aut
