3048 4444
606 1150 738 1208 LIBER
767 1150 996 1210 SEPTIMUS.

293 1349 368 1396 THE
395 1348 514 1396 GREAT
541 1347 733 1394 STRUGGLE
760 1347 833 1393 FOR
861 1347 1155 1394 INDEPENDENCE
1183 1347 1312 1394 UNDER

553 1455 872 1514 VERCINGETORIX,
893 1455 923 1502 B.
944 1456 974 1502 C.
993 1459 1031 1508 52.

503 1617 629 1672 Genera!
642 1621 797 1671 movement
814 1632 920 1687 ‹zrrrcmgr
937 1615 985 1669 the
1004 1615 1100 1671 Gaqu.

232 1765 249 1816 1
340 1745 469 1830 Quieta
487 1743 597 1810 Gallia
615 1743 751 1820 Caesar,
770 1752 808 1808 ut
825 1741 1064 1820 cunstituerat,
1083 1743 1116 1818 in
1138 1728 1272 1810 ltaliam
1292 1744 1334 1810 ad

269 1860 461 1920 conventus
484 1854 640 1939 agendus
661 1852 898 1937 proficiscitur.
947 1852 1000 1917 Ibi
1023 1854 1204 1938 cdgnc'iscit
1227 1855 1270 1920 (le
1295 1856 1332 1921 Ρ.

270 1963 370 2030 Cluui
391 1963 509 2042 caede;
535 1963 579 2029 de
600 1968 809 2047 senatusque
830 1963 992 2028 cr'msultd
1016 1963 1141 2028 certior
1163 1963 1273 2029 lactus
1295 1974 1332 2029 ut

268 2079 390 2138 onmes
409 2073 561 2138 iiminres
582 2059 700 2138 italiae
720 2072 952 2148 coniurarent,
973 2071 1139 2136 dilectum
1160 2077 1234 2136 tnta
1255 2078 1333 2156 prn-

235 2201 249 2254 5
270 2181 381 2248 vincia
399 2181 525 2254 habere
542 2180 701 2247 Instituit.
752 2181 824 2246 Eae
844 2187 897 2246 res
918 2181 951 2244 in
973 2179 1119 2246 Galliam
1139 2180 1333 2264 Transalpi-

268 2311 348 2356 nam
373 2289 528 2356 celeriter
553 2290 781 2374 perferuntur.
831 2288 976 2355 Addunt
1001 2288 1067 2374 ipsi
1091 2300 1124 2355 et
1150 2289 1333 2374 adfingunt

268 2399 465 2465 rumuribus
490 2398 588 2475 Galli,
613 2399 708 2483 quod
732 2405 785 2465 res
810 2419 952 2483 poscere
977 2398 1170 2477 videbatur,
1195 2400 1334 2465 retineri

268 2508 401 2573 urbana
422 2513 521 2573 mutu
542 2506 723 2574 Caesarem
745 2529 857 2592 neque
878 2508 912 2573 in
934 2515 1039 2574 tantis
1060 2509 1332 2576 dissensionibus

268 2617 310 2681 ad
328 2616 519 2683 exercitum
537 2623 654 2683 venite
671 2639 782 2702 posse.

218 2763 250 2800 10
337 2726 416 2792 Hac
435 2725 574 2811 impulsi
593 2726 775 2792 occasidne
795 2734 855 2812 qui
873 2728 941 2793 iam
962 2739 1044 2794 ante
1063 2734 1100 2794 se
1120 2730 1240 2814 populi
1260 2731 1332 2796 Re-

267 2841 360 2901 mani
374 2835 519 2919 imperiti
534 2834 708 2900 subiectus
723 2835 879 2901 dolerent
896 2835 1035 2901 liberius
1049 2846 1152 2920 atque
1168 2838 1333 2903 audacius

266 2946 309 3010 de
325 2946 415 3011 bellu
432 2933 574 3010 consilia
590 2944 674 3009 inire
691 2943 869 3027 incipiunt.
921 2943 1065 3010 Indictis
1081 2945 1170 3011 inter
1188 2953 1223 3012 se
1241 2953 1333 3030 prin-

267 3054 359 3138 cipes
378 3053 506 3119 Galliae
525 3051 678 3118 conciliis
696 3051 908 3119 silvestribus
925 3060 965 3119 alc
984 3060 1127 3120 remdtis
1146 3055 1230 3121 locis
1248 3079 1331 3140 que-

266 3173 388 3228 runtur
407 3161 451 3228 de
470 3159 622 3227 Accr’mis
643 3171 771 3240 morte3
797 3183 898 3246 posse
919 3162 1012 3228 hunc
1033 3169 1151 3229 casum
1173 3165 1215 3230 ad
1237 3165 1332 3249 ipsus

218 3303 247 3352 ις
266 3271 416 3337 recidere
439 3271 698 3349 dembnstrant3
722 3270 929 3336 miserantur
952 3279 1175 3339 communem
1200 3273 1331 3341 Galliae

265 3378 456 3457 {ortunam3
470 3378 633 3446 omnibus
649 3376 961 3463 pollicitatic'mibus
975 3386 1015 3446 ac
1032 3383 1191 3466 praemiis
1206 3385 1331 3468 depos·

267 3496 350 3552 cunt
365 3493 425 3570 qui
439 3487 518 3554 belli
533 3487 670 3554 initium
686 3486 811 3554 faciant
827 3498 860 3554 et
877 3495 929 3554 sui
945 3488 1066 3573 capitis
1082 3492 1236 3574 periculi)
1253 3491 1332 3559 Gal-

266 3595 345 3661 liam
365 3595 399 3660 in
418 3597 612 3662 libertatem
632 3595 818 3662 vindicent.
870 3597 909 3662 In
930 3604 1048 3682 primis
1067 3600 1238 3666 raticinem
1257 3622 1333 3666 esse

266 3704 460 3771 habendam
484 3705 616 3782 dicunt,
642 3705 842 3789 priusquam
867 3713 988 3772 ebrum
1013 3707 1224 3775 clandestina
1249 3716 1333 3775 esm-

216 3850 248 3890 20
266 3814 340 3880 silia
353 3814 552 3892 efferantur,
568 3825 605 3880 ut
621 3813 747 3880 Caesar
761 3815 803 3879 ab
819 3815 974 3880 exercitii
990 3815 1247 3884 intercludatur.
1291 3819 1332 3885 Id

266 3945 340 3991 esse
364 3924 471 4001 facile,
495 3922 591 4008 quod
616 3943 728 4007 neque
751 3922 907 4008 legiunes
930 3923 1078 3990 audeant
1102 3927 1244 3993 absente
1268 3927 1326 3994 im·

461 4028 506 4078 168
