3044 4442
526 375 643 429 LIBER
670 375 702 428 V.
728 376 813 430 CAP.
838 389 933 444 9-11.
1207 391 1261 438 111

196 559 240 625 ad
260 557 442 624 Caesarem
461 561 632 621 venerunt
652 561 712 638 qui
730 555 941 632 nontia'trent,
962 552 1138 638 superiore
1160 561 1263 618 nocte

197 667 351 734 maximo
380 666 502 732 coorto
529 658 747 749 tempestate,
777 685 887 749 prope
908 645 1040 730 ¹omnos
1071 669 1175 729 novos
1205 662 1264 727 ad·

201 778 309 844 flictos
329 787 433 860 atque
455 770 490 840 in'
512 776 592 840 litus
612 775 739 841 eiectos
761 794 845 852 esse,
866 772 962 857 quod
984 794 1098 858 neque
1119 793 1266 838 ancorae

197 887 366 971 {finesque
381 959 383 963 ,
398 885 607 950 sustinerent
639 904 751 968 neque
784 893 910 949 nautae
942 883 1264 968 gubemotorosque

199 997 270 1063 vim
293 994 509 1079 tempestatis
534 999 605 1079 pati
631 1004 788 1077 possent;
813 992 930 1076 itaque
954 1014 999 1058 ex
1023 997 1067 1057 eo
1092 996 1264 1058 concurso
1285 1022 1298 1072 ς

198 1106 339 1172 navium
356 1111 525 1189 magnum
543 1124 616 1169 esse
634 1102 899 1168 incommodum
916 1110 1108 1185 acceptum.
1207 1099 1213 1112 ’

327 1313 386 1369 The
395 1314 477 1385 stips
489 1330 541 1367 are
552 1310 692 1382 rcpaircd
700 1309 763 1363 and
772 1309 877 1362 drawn
891 1310 931 1379 up
943 1324 979 1362 on
991 1307 1039 1362 the
1049 1307 1139 1363 shore.

270 1439 337 1505 His
362 1441 465 1506 robus
490 1439 641 1525 cognitis
668 1439 793 1506 Caesar
819 1438 975 1523 legiones
1000 1435 1264 1522 equitotumque
1286 1455 1323 1505 11

202 1555 356 1615 revocori
375 1560 479 1633 atque
500 1549 534 1613 in
555 1549 676 1614 itinere
698 1548 854 1614 resistere
875 1547 981 1625 iubet,
1003 1546 1076 1631 ipse
1096 1545 1139 1612 ad
1161 1551 1267 1611 noves

199 1659 396 1737 revertitur;
426 1659 547 1724 eadem
577 1658 647 1724 lere
677 1679 765 1742 quae
794 1679 839 1723 ex
869 1657 1000 1722 nt'mtiis
1035 1653 1260 1740 [litterisque]

200 1775 424 1854 cognoverat,
446 1774 563 1834 coram
584 1768 757 1853 perspicit,
779 1774 827 1833 sic
848 1778 886 1833 ut
906 1765 1041 1833 omissis
1061 1765 1196 1831 circiter
1217 1784 1266 1829 xr.
1287 1790 1319 1827 ιο

200 1878 345 1944 novibus
375 1878 525 1962 reliquae
555 1888 671 1944 tamen
701 1877 795 1944 refici
826 1897 929 1962 posse
959 1881 1090 1960 magno
1122 1873 1266 1960 negotio

200 1987 408 2054 viderentur.
455 1988 577 2072 Itaque
599 2009 643 2053 ex
665 1986 861 2073 legionibus
883 1985 998 2051 labros
1020 1983 1142 2070 doligit
1164 1994 1198 2049 et
1221 2003 1265 2048 ex

199 2098 393 2164 continenti
411 2098 496 2164 alios
514 2103 638 2164 arcessi
657 2097 768 2176 iubet;
789 2096 945 2163 Labiono
965 2094 1082 2161 scribit
1103 2104 1142 2160 ut
1162 2114 1267 2177 quam

199 2207 363 2291 plorimos
377 2207 485 2291 possit
500 2214 549 2273 eis
562 2207 759 2293 legionibus
773 2229 863 2292 quae
877 2206 946 2273 sint
960 2205 1052 2290 apud
1067 2226 1147 2271 eum
1162 2209 1267 2270 noves

199 2316 365 2409 instituat.
411 2317 501 2401 Ipse,
521 2323 585 2382 etsi
605 2324 750 2383 roserat
771 2317 901 2384 multae
921 2338 1048 2402 operae
1068 2323 1108 2383 oc
1128 2314 1266 2391 laboris,
1288 2339 1317 2388 ις

200 2437 316 2492 tamen
337 2426 662 2492 commodissimum
682 2447 756 2492 esse
777 2426 897 2493 statuit
917 2433 1040 2492 omnes
1061 2432 1167 2492 novos
1187 2424 1267 2490 sub-

201 2534 282 2600 doci
304 2544 338 2600 et
363 2556 442 2600 cum
465 2542 585 2601 castris
607 2541 677 2601 ono
699 2535 896 2603 monitione
919 2536 1096 2621 coniungi.
1149 2536 1189 2601 ln
1214 2535 1267 2601 his

202 2646 304 2710 robus
331 2646 466 2712 circiter
492 2647 565 2713 dios
593 2667 616 2712 x
644 2648 819 2714 consumit
845 2656 889 2716 ne
916 2655 1097 2715 nocturnis
1125 2647 1267 2732 quidem

200 2755 416 2839 temporibus
437 2757 480 2821 ad
502 2755 657 2824 laborem
679 2757 829 2823 militum
850 2758 1064 2825 intermissis.

270 2863 457 2932 Subductis
480 2866 626 2933 navibus
649 2873 838 2953 castrisque
862 2868 1004 2955 egregio
1027 2873 1170 2933 monitis
1194 2873 1266 2933 eas·
1287 2890 1320 2927 πο

201 2974 280 3041 dem
300 2975 418 3060 copios
437 2983 522 3060 quos
541 2988 621 3044 ante
641 2978 812 3062 praesidio
833 2979 978 3045 novibus
997 2977 1174 3062 relinquit;
1195 2977 1267 3061 ipse

200 3084 335 3162 eodem,
357 3086 449 3152 unde
472 3086 618 3152 redierat
640 3087 880 3172 proficiscitur.
927 3089 981 3154 Eo
1003 3109 1084 3154 curn
1106 3087 1267 3164 venisset,

201 3194 349 3260 moioros
372 3195 439 3260 iam
462 3195 616 3280 undique
638 3196 672 3261 in
695 3218 776 3262 eum
798 3197 916 3262 locum
939 3197 1059 3282 copiae
1084 3196 1268 3263 Britanno-

199 3324 277 3369 rum
292 3311 537 3383 convonerant,
553 3312 690 3372 summo
705 3306 827 3390 imperi
841 3306 991 3390 bellique
1005 3305 1269 3372 administrandi

201 3419 380 3479 commoni
403 3414 548 3480 consilio
573 3414 740 3499 permisso
763 3414 1044 3493 Cassivellauno,=
1058 3414 1156 3482 coius
1180 3415 1268 3481 lines
1288 3439 1318 3488 25

201 3529 222 3589 o
240 3521 421 3590 maritimis
441 3523 639 3589 civitatibus
657 3524 788 3590 flomen
808 3523 942 3601 dividit,
962 3523 1058 3607 quod
1078 3524 1270 3608 appellatur

203 3631 368 3709 Tamesis
392 3639 412 3698 o
436 3639 522 3698 mari
545 3632 680 3699 circiter
703 3632 796 3698 milia
819 3653 985 3717 passuum
1010 3652 1124 3699 Lxxx.
1175 3633 1271 3699 Huic

200 3742 376 3827 superiore
396 3753 555 3826 tempore
576 3763 656 3808 cum
678 3742 817 3826 reliquis
837 3743 1035 3809 civitotibus
1055 3742 1269 3810 continentia

200 3853 289 3917 bella
312 3852 590 3928 intercesserant;
615 3850 674 3916 sed
699 3857 821 3917 nostro
845 3851 995 3917 advento
1020 3857 1170 3937 permoti
1194 3852 1268 3917 Bri-

200 3969 297 4027 tanni
316 3961 409 4027 hunc
429 3967 496 4027 toti
514 3961 606 4026 bello
626 3960 843 4045 imperioque
865 3960 1108 4044 praefecerant.
1288 3983 1320 4032 30
