3044 4442
267 368 324 432 106
646 371 759 423 BELLl
785 370 944 422 GALLlCl

261 548 511 633 legienumque
533 548 684 616 adventii
707 548 889 633 cegnitum
912 558 973 625 est,
996 547 1039 613 ad
1060 568 1141 614 eum
1163 546 1268 626 venit,
1289 553 1327 613 se

260 662 412 740 suesque
441 663 562 723 omnes
591 658 625 722 in
654 657 771 722 officii>
800 655 936 722 lutiires
963 677 1076 741 neque
1104 656 1147 720 ab
1176 655 1327 722 amicitie

261 766 382 849 populi
397 765 547 831 Remeni
563 765 759 831 delectirres
774 764 1004 842 ceulirmevit,
1020 785 1177 850 quaeque
1193 764 1228 830 in
1243 764 1326 831 Tre-

261 881 349 940 veris
366 885 570 960 gererentur
587 874 749 940 ostendit.

228 1011 241 1060 ⁵
331 983 379 1049 At
403 983 665 1049 Indirtiomerus
690 983 884 1068 equitetum
910 983 1173 1068 peditatumque
1199 989 1325 1068 cegere

261 1100 379 1178 eisque
400 1099 460 1178 qui
481 1114 542 1177 per
562 1099 713 1159 aetetem
736 1093 770 1158 in
792 1099 896 1158 armIs
919 1114 992 1158 esse
1014 1099 1084 1158 nen
1107 1103 1269 1178 poterant
1290 1093 1325 1158 in

260 1203 380 1269 silvam
404 1202 631 1269 Arduennam
654 1202 790 1281 abditis
814 1223 903 1288 quae
927 1202 1061 1287 ingenti
1084 1201 1325 1288 megnitiidine

262 1333 323 1397 per
341 1311 475 1378 medios
494 1312 581 1378 lines
600 1311 833 1378 Trevererum
852 1318 872 1378 e
892 1310 1034 1376 llirmine
1055 1311 1181 1377 Rhene
1200 1312 1243 1377 ad
1264 1311 1326 1377 ini-

262 1421 349 1488 tium
375 1422 568 1487 Remerum
593 1421 753 1506 pertinet,
778 1409 908 1486 bellum
933 1427 1052 1505 parere
1076 1420 1240 1498 instituit;
1265 1422 1325 1487 sed

212 1560 242 1597 ιο
260 1537 488 1616 posteequam
509 1537 579 1596 nen
601 1532 686 1597 milli
707 1530 879 1616 principes
899 1553 944 1597 ex
964 1536 1005 1597 ee
1024 1531 1166 1597 civitete
1187 1541 1221 1598 et
1243 1553 1323 1598 auc-

259 1643 401 1709 teritete
427 1641 663 1727 Cingetorigis
688 1640 829 1707 adducti
853 1651 888 1707 et
913 1641 1064 1708 adventii
1091 1647 1201 1706 nostri
1226 1661 1323 1707 exer-

259 1752 350 1818 eitits
364 1751 539 1836 perterriti
551 1752 594 1818 ad
609 1749 792 1835 Caesarem
807 1757 976 1816 venerunt
991 1761 1026 1817 et
1041 1751 1083 1816 de
1098 1756 1167 1816 suis
1181 1757 1325 1835 privetis

257 1974 368 2039 sulere
384 1977 455 2037 nen
472 1981 624 2056 possent,
641 1970 781 2048 veritus,
799 1976 843 2036 ne
858 1970 901 2036 ab
918 1969 1081 2036 omnibus
1097 1970 1323 2048 desereretur,

210 2084 394 2168 relegates
416 2083 459 2148 ad
483 2071 666 2150 Caesarem
690 2083 810 2148 mittit:
836 2081 920 2150 Sese
943 2083 1072 2149 idcirco
1095 2083 1138 2149 ab
1163 2089 1233 2149 suis
1256 2081 1323 2148 dis-

258 2194 379 2260 cedere
398 2204 502 2278 atque
522 2194 564 2259 ad
585 2215 665 2260 eum
683 2199 800 2260 venire
819 2193 981 2272 neluisse,
1001 2199 1072 2277 quo
1092 2192 1223 2259 lacilius
1242 2191 1323 2258 civi-

258 2310 365 2369 tetem
379 2304 414 2369 in
427 2303 543 2370 officie
558 2303 762 2380 contineret,
779 2310 822 2369 ne
837 2304 950 2369 omnis
965 2302 1156 2370 nebilitetis
1171 2303 1322 2369 discessit

257 2413 354 2498 plebs
369 2424 512 2498 propter
527 2413 795 2498 imprudentiam
811 2413 998 2493 liberetur;
1014 2412 1131 2497 itaque
1147 2412 1322 2479 civitetem

258 2522 292 2586 in
313 2529 376 2588 sue
396 2528 569 2606 potestete
590 2543 673 2599 esse,
696 2528 812 2606 seque,
835 2529 863 2589 si
885 2522 1011 2589 Caesar
1032 2521 1257 2606 permitteret,
1279 2522 1321 2588 ad

256 2740 330 2806 eius
345 2740 425 2807 fidei
441 2739 699 2825 permisserum.

219 2972 241 3039 4
517 2949 565 3003 He
575 2948 684 3003 decides
696 2952 728 3003 in
732 2950 830 3022 favor
841 2951 877 3023 os
888 2950 1065 3022 Cingetorix.

327 3073 453 3140 Caesar
470 3082 534 3140 etsi
553 3075 775 3161 intellegebat
794 3083 863 3161 quia
882 3078 925 3144 de
945 3084 1048 3144 cause
1067 3097 1106 3143 ea
1126 3076 1323 3143 dicerentur

258 3202 415 3266 quaeque
440 3205 519 3249 eum
546 3191 599 3250 res
623 3186 667 3250 ab
690 3184 851 3252 institirte
878 3185 1022 3252 censilie
1047 3185 1246 3262 deterreret,
1273 3195 1321 3250 ta-

255 3312 347 3368 men,
377 3299 421 3358 ne
450 3300 617 3359 aestetem
647 3293 682 3360 in
713 3293 872 3362 Treveris
902 3301 1108 3363 censumere
1138 3301 1323 3381 cegeretur

207 3423 237 3473 25
256 3400 419 3466 omnibus
452 3402 554 3469 rebus
588 3404 631 3469 ad
666 3403 905 3470 Britannicum
938 3405 1067 3471 bellum
1102 3409 1322 3487 comparetis,

259 3510 539 3577 Indiitiomerum
564 3512 607 3578 ad
633 3519 669 3580 se
694 3535 774 3579 cum
800 3533 842 3580 cc
867 3513 1046 3579 obsidibus
1071 3519 1187 3579 venire
1213 3512 1320 3579 iussit.

259 3619 326 3686 His
346 3621 514 3700 adductis
537 3621 573 3687 in
594 3629 641 3688 eis
663 3622 735 3688 lilio
758 3621 1031 3706 propinquisque
1053 3622 1127 3688 eius
1148 3621 1321 3700 omnibus,

255 3735 344 3814 ques
362 3730 569 3797 nominatim
587 3737 802 3808 evoceverat,
823 3731 1022 3797 censoletus
1043 3731 1323 3799 Indutiomerum

258 3837 487 3922 hortatusque
513 3852 564 3905 est
591 3844 642 3904 uti
669 3839 704 3902 in
731 3838 847 3904 officii>
874 3846 1043 3920 maneret;
1072 3840 1179 3907 nihilo
1205 3837 1338 3932 tamen]

207 3971 241 4023 30
259 3947 366 4013 setius
392 3947 605 4032 principibus
632 3947 865 4015 Trevererum
892 3950 935 4016 ad
964 3957 1000 4016 se
1028 3957 1230 4017 convocetis
1258 3953 1324 4018 hes
