3044 4442
554 382 671 436 LIBER
698 383 749 436 111.
776 382 859 438 CAP.
886 381 997 450 26-29.
1150 419 1158 432 .
1270 395 1311 464 79

240 567 394 640 cosetes;
420 582 550 647 paucae
576 561 720 627 ultimae
747 561 907 627 netienes
934 567 1015 626 anni
1042 571 1199 645 tempore
1225 566 1307 625 cen-

240 668 333 749 irsae,
354 672 450 756 quod
470 671 579 737 hiems
598 673 749 752 suberat,
769 671 805 737 id
824 671 935 738 facere
954 671 1197 756 neglexerunt.

240 900 347 954 Caesar
359 901 479 956 invades
496 901 545 956 the
558 903 720 957 territorr'es
731 903 767 974 os
781 901 829 956 the
840 903 961 957 Morini
969 901 1034 956 and
1046 901 1192 971 Menapii.
1235 901 1262 954 Τ
1258 899 1310 971 kq

520 993 611 1044 redire
621 993 684 1044 inm
695 991 824 1045 marshes
835 991 899 1044 and
904 991 1023 1064 sorests.

311 1123 448 1191 Eiidem
466 1124 536 1190 lere
553 1135 710 1209 tempore
731 1123 867 1202 Caesar,
885 1130 950 1190 etsi
969 1145 1078 1208 prope
1096 1130 1219 1189 execta
1237 1124 1304 1188 iam
1324 1121 1367 1186 28

240 1240 352 1299 aestes
365 1243 449 1312 erat,
464 1244 580 1298 tamen
596 1234 692 1318 quod
707 1240 803 1299 omni
820 1233 930 1300 Gallia
944 1240 1067 1319 peceta't
1084 1234 1214 1299 Morini
1231 1234 1305 1299 Me-

242 1342 403 1426 napiique
422 1353 623 1427 supererant
643 1349 703 1426 qui
722 1343 756 1407 in
775 1349 879 1409 armis
898 1353 1012 1409 essent
1032 1364 1144 1426 neque
1164 1343 1207 1408 ad
1227 1364 1307 1409 eum
1327 1364 1339 1414 5

242 1473 408 1536 umquam
433 1453 567 1536 legetes
590 1452 634 1518 de
656 1459 740 1537 pece
764 1453 947 1530 misissent,
971 1454 1156 1519 arbitratus
1180 1453 1214 1519 id
1236 1454 1306 1519 bel-

243 1562 314 1627 lum
341 1562 497 1628 celeriter
523 1561 648 1628 cenfici
674 1583 787 1646 posse,
814 1569 856 1628 ee
884 1562 1077 1628 exercitum
1103 1563 1220 1640 dirxit;
1246 1569 1306 1646 qui

241 1670 346 1756 longe
362 1671 427 1737 alie
444 1671 577 1736 ratiene
594 1677 634 1737 ec
651 1671 773 1755 reliqui
792 1671 880 1737 Galli
898 1672 1026 1737 bellum
1044 1693 1164 1756 gerere
1183 1678 1305 1756 coepe-

239 1792 330 1846 runt.
371 1780 462 1847 Nam
477 1780 571 1865 quod
584 1780 833 1865 intellegebant
848 1781 1019 1846 meximes
1034 1781 1203 1856 netienes
1218 1802 1306 1864 quae

240 1890 373 1974 proelii)
393 1889 664 1968 contendissent,
686 1890 801 1974 pulses
823 1895 1070 1974 superetesque
1091 1911 1175 1968 esse,
1196 1891 1304 1956 conti·
1327 1913 1358 1949 ιο

243 2006 433 2084 nentesque
460 2000 562 2065 silves
588 2005 629 2065 ec
656 1999 799 2084 paltides
827 2000 1011 2078 habebant,
1040 2006 1082 2066 ee
1111 2005 1148 2065 se
1175 2021 1305 2083 suaque

240 2110 357 2175 omnia
374 2109 607 2176 contulerunt.
649 2108 705 2174 Ad
724 2115 872 2193 querum
890 2109 1026 2175 initium
1045 2109 1207 2175 silverum
1226 2131 1305 2176 cum

240 2219 366 2286 Caesar
382 2219 594 2304 pervenisset
611 2230 791 2304 castraque
809 2225 944 2285 mimire
958 2219 1175 2296 instituisset,
1193 2240 1305 2303 neque

242 2331 350 2396 bostis
377 2330 514 2396 interim
540 2337 633 2396 visus
659 2341 759 2408 esset,
787 2330 949 2416 dispersis
974 2330 1009 2395 in
1036 2351 1140 2414 opere
1167 2335 1304 2407 nostris,

241 2442 357 2508 subite
383 2464 426 2508 ex
453 2443 616 2507 omnibus
643 2443 798 2528 partibus
826 2442 929 2508 silvae
957 2441 1182 2507 evoleverunt
1208 2451 1242 2506 et
1270 2439 1304 2504 in
1326 2461 1355 2511 ις

240 2558 379 2617 nostres
402 2553 571 2637 impetum
594 2553 760 2619 iecerunt.
810 2552 932 2618 Nostri
955 2552 1110 2618 celeriter
1133 2573 1227 2618 arma
1251 2557 1304 2618 ce-

240 2668 364 2746 perunt
387 2669 516 2746 erisque
538 2663 572 2726 in
595 2662 696 2728 silves
716 2663 917 2747 repulerunt
940 2673 973 2728 et
995 2661 1232 2745 complirribus
1254 2661 1304 2726 in-

238 2771 390 2838 terfectis
412 2772 551 2856 longius
572 2770 850 2857 impeditieribus
870 2772 956 2837 locis
977 2776 1087 2837 sectiti
1109 2777 1239 2855 pauces
1260 2791 1304 2835 ex

238 2887 309 2946 suis
326 2881 606 2965 deperdiderunt.

351 3087 442 3158 After
453 3086 554 3158 laytirg
564 3093 654 3141 waste
664 3087 743 3142 their
754 3093 881 3159 country,
894 3088 930 3142 he
934 3105 1004 3159 goes
1015 3090 1077 3142 titto
1088 3091 1195 3143 writter

699 3180 840 3244 quarters.

308 3308 464 3392 Reliquis
486 3307 649 3393 deinceps
672 3309 793 3375 diebus
816 3309 942 3376 Caesar
964 3310 1065 3376 silves
1088 3311 1231 3376 caedere
1252 3317 1302 3375 in·
1321 3329 1365 3396 29

237 3417 349 3483 stituit
365 3428 409 3493 et,
424 3424 468 3484 ne
482 3418 558 3502 quis
571 3419 760 3485 inermibus
775 3418 1123 3503 imprtidentibusque
1138 3419 1304 3484 militibus

239 3526 282 3593 ab
306 3527 411 3592 latere
434 3526 585 3612 impetus
609 3527 682 3594 fieri
705 3539 833 3612 posset,
858 3549 999 3594 omnem
1023 3550 1099 3595 eam
1124 3529 1303 3595 meteriam

238 3657 327 3719 quae
341 3646 412 3702 erat
427 3658 526 3702 caesa
540 3658 742 3703 conversam
759 3637 801 3702 ad
817 3637 953 3702 hostem
970 3640 1176 3703 conlocebat
1192 3649 1225 3704 et
1241 3644 1304 3723 pre

238 3747 329 3812 velle
345 3745 387 3811 ad
406 3756 593 3830 utrumque
611 3746 700 3812 latus
717 3747 929 3812 exstruebat.
973 3747 1170 3812 Incredibili
1188 3748 1304 3814 celeri-

238 3861 309 3920 tete
336 3860 468 3940 migne
495 3855 607 3939 spatie
635 3861 753 3939 paucis
780 3855 902 3921 (liebus
930 3856 1102 3928 ceulecte,
1130 3878 1210 3922 cum
1238 3856 1305 3921 iam
1325 3883 1355 3932 25

239 3984 345 4046 pecus
359 3975 463 4048 atque
479 3970 635 4030 extrema
651 3964 900 4049 impedimenta
914 3971 935 4030 e
951 3973 1077 4031 nostris
1094 3972 1304 4042 tenerentur,
