3000 4456
665 345 777 399 BELLI
805 345 963 398 GALLICI

554 539 661 594 Caesar
669 539 689 595 's
700 541 779 612 reply
791 543 817 595 is
830 543 1063 613 unsatisfactory.

216 665 257 734 14
347 663 414 730 His
442 663 569 732 Caesar
595 666 643 732 ita
671 668 865 752 respondit:
894 669 947 735 Eo
974 669 1037 735 sibi
1064 670 1178 736 minus
1205 668 1341 736 dubite-

278 771 383 840 tienis
411 775 493 853 dari,
522 775 617 860 quod
644 781 701 842 ees
728 782 791 856 res,
819 783 905 862 quas
931 778 1039 864 legeti
1067 778 1220 844 Helvetii
1246 800 1341 844 com-

275 889 537 963 memorassent,
556 885 724 952 memorie
741 892 887 966 teneret,
905 897 1011 972 atque
1028 893 1071 953 ee
1088 887 1226 973 gravius
1243 886 1340 967 ferre,

275 999 346 1079 quo
372 991 486 1060 minus
511 993 635 1060 merite
661 995 781 1082 populi
807 995 958 1062 Remeni
983 996 1188 1065 accidissent
1197 1019 1205 1076 ;
1230 1004 1288 1083 qui
1313 1003 1340 1062 si

241 1116 253 1165 s
275 1102 417 1170 alicuius
433 1102 576 1171 iniuriae
593 1102 656 1170 sibi
672 1104 832 1171 censcius
849 1105 979 1184 luisset,
997 1112 1068 1171 nen
1085 1105 1188 1172 luisse
1204 1106 1340 1173 difficile

274 1221 410 1294 cavere;
428 1215 546 1281 sedeo
564 1215 762 1300 deceptum,
781 1216 877 1300 quod
895 1235 1006 1300 neque
1024 1215 1249 1282 commissum
1267 1223 1287 1282 ἐι
1305 1223 1340 1282 se

273 1323 503 1412 intellegeret,
521 1330 628 1412 quere
644 1323 793 1403 timeret,
811 1345 924 1408 neque
940 1323 1011 1388 sine
1028 1331 1130 1390 cause
1147 1324 1339 1391 timendum

273 1441 424 1521 puteret.
475 1437 583 1523 Quod
604 1443 631 1503 si
651 1433 776 1502 veteris
797 1432 1030 1498 contumeliae
1051 1434 1206 1500 oblivisci
1227 1435 1338 1514 vellet,

274 1567 357 1613 num
380 1546 485 1614 etiam
508 1547 699 1615 recentium
721 1543 933 1623 iniuriarum,
957 1544 1052 1627 quod
1074 1550 1116 1609 eo
1138 1543 1251 1610 invite
1273 1544 1339 1610 iter

224 1679 254 1718 10
277 1677 336 1742 per
358 1657 571 1743 provinciam
595 1677 654 1742 per
677 1654 747 1720 vim
771 1659 1015 1738 temptassent,
1039 1652 1132 1738 quod
1157 1653 1337 1732 Haeduos,

275 1767 370 1852 quod
395 1769 596 1846 Ambarros,
623 1765 718 1851 quod
743 1763 957 1850 Allobrogas
985 1769 1179 1843 vexassent,
1207 1785 1337 1829 merno-

274 1875 358 1944 riam
383 1877 555 1963 deponere
581 1874 703 1960 posse?
752 1875 860 1962 Quod
885 1880 948 1940 sue
974 1872 1120 1939 victorie
1146 1883 1219 1938 tam
1244 1879 1336 1938 inso-

274 1987 381 2054 lenter
395 1986 636 2072 gldrierentur‚
651 1986 816 2070 quodque
829 1995 901 2050 tam
916 1983 976 2049 diu
991 1989 1027 2048 se
1042 1982 1183 2066 impune
1198 1981 1338 2047 iniurias

272 2095 430 2164 intulisse
455 2096 718 2173 admirarentur,
746 2094 870 2160 eodem
898 2092 1080 2178 pertinere.
1143 2090 1338 2156 Consuesse

222 2221 250 2270 1⁵
272 2206 364 2272 eninr
387 2205 469 2272 deos
491 2203 715 2282 inimorta'tleS‚
739 2209 810 2288 quo
832 2203 972 2289 gravius
996 2199 1153 2266 homines
1176 2222 1221 2265 ex
1243 2222 1337 2266 corn-

273 2315 470 2382 mutetidne
490 2321 604 2382 rerum
626 2313 778 2390 doleant,
801 2318 889 2396 quos
911 2317 975 2395 pro
997 2311 1122 2376 scelere
1143 2316 1266 2376 eorum
1288 2311 1337 2375 ul-

272 2431 352 2492 cisci
372 2424 488 2503 velint,
508 2425 560 2490 his
578 2422 800 2489 secundiores
817 2420 995 2487 interdum
1014 2427 1066 2486 res
1085 2432 1120 2486 et
1141 2421 1337 2487 diuturnis)-

271 2555 342 2600 rem
361 2532 604 2619 impunitatem
622 2532 821 2597 concedere.
873 2529 963 2596 Cum
981 2551 1021 2597 ea
1039 2529 1088 2596 ita
1106 2530 1187 2609 sint,
1208 2541 1336 2609 tamen,

271 2649 298 2708 si
318 2642 456 2708 obsides
475 2641 517 2706 ab
537 2646 585 2706 eis
604 2638 668 2705 sibi
688 2639 824 2716 dentur,
846 2645 897 2704 uti
917 2660 967 2716 ea,
988 2660 1075 2722 quae
1096 2639 1334 2724 polliceantur,

220 2772 252 2810 πο
272 2753 425 2818 lnctdrds
442 2749 634 2833 intellegat,
653 2758 687 2814 et
707 2754 734 2813 si
754 2747 911 2815 Haeduis
929 2750 973 2815 de
991 2749 1131 2828 iniuriis,
1152 2756 1238 2835 ques
1255 2749 1337 2834 ipsis

270 2859 440 2942 sociisque
460 2863 581 2925 eorum
599 2856 792 2935 intulerint,
812 2857 897 2923 item
918 2864 946 2923 si
965 2857 1218 2945 Allobrogibus
1238 2859 1336 2925 satis-

270 2967 393 3034 faciant
413 2973 487 3032 sese
506 2987 585 3032 cnm
605 2972 653 3031 eis
673 2971 794 3050 pecem
815 2987 889 3030 esse
909 2965 1090 3032 lactearum.

340 3074 466 3142 Divicd
482 3073 673 3158 respondit:
691 3075 744 3139 Ita
761 3074 945 3140 Helvetios
959 3081 980 3142 e
995 3075 1184 3142 mitioribus
1199 3084 1269 3142 suis
1284 3085 1334 3142 in-

269 3186 416 3253 stitutes
431 3206 514 3257 esse,
531 3189 581 3250 uti
597 3183 736 3250 obsides
750 3183 917 3269 accipere,
935 3191 1005 3251 non
1022 3187 1103 3251 dare
1119 3188 1337 3264 censuerint;

218 3315 248 3366 as
269 3295 342 3362 eius
371 3300 419 3360 rei
446 3293 616 3380 populum
647 3293 847 3360 Remenum
875 3315 949 3361 esse
978 3304 1111 3361 testem.
1174 3296 1257 3364 Hec
1286 3319 1337 3363 re-

269 3409 399 3490 sponso
416 3403 501 3470 dato
518 3401 685 3468 discessit.

440 3573 468 3628 T
463 3571 499 3628 he
510 3571 681 3627 Helvetium
692 3569 795 3626 march
808 3588 852 3634 ou,
856 3573 1000 3646 followed
1006 3575 1039 3646 by
1052 3577 1167 3632 Caesar.

210 3708 250 3778 15
339 3703 488 3770 Postero
505 3703 561 3770 die
579 3714 693 3769 castra
710 3725 754 3768 ex
772 3709 815 3768 eo
834 3704 912 3768 loco
930 3716 1084 3770 movent.
1137 3705 1235 3772 Idem
1254 3705 1336 3772 lacit

269 3813 404 3886 Caesar.
426 3813 695 3897 equiteturnque
716 3833 867 3884 omnem.
890 3813 933 3878 ad
957 3835 1140 3880 numerum
1163 3827 1336 3899 quattuor

268 3922 411 3997 milium,
441 3943 545 4008 quem
574 3943 619 3988 ex
647 3927 744 3987 omni
773 3920 951 4005 prerincie
979 3935 1014 3991 et
1046 3924 1204 3991 Haeduis
1232 3937 1337 4010 atque
