3048 4444
246 339 305 404 190
626 321 739 374 suum
766 319 924 374 uatum

184 551 189 568 .
244 500 328 577 sitis,
351 506 370 566 e
390 500 534 585 regione
557 505 659 566 tinius
680 505 802 565 ebrum
825 499 985 584 pontium
1008 506 1097 584 qubs
1119 498 1309 584 Vercinge-

243 615 337 674 torix
358 608 604 674 rescindendbs
624 614 814 686 curaverat,
835 615 978 694 posterb
997 608 1053 674 die
1073 629 1154 673 cum
1175 607 1309 673 duabus

242 716 440 802 legionibus
474 717 509 782 in
544 706 683 784 occ'ulto
718 717 858 796 restitit;
892 718 1040 802 reliques
1074 716 1192 801 eripies
1227 737 1307 782 cum

243 825 406 892 omnibus
430 826 698 911 impedimentis,
723 837 761 892 ut
786 833 981 905 consuerat,
1006 825 1110 905 misit,
1135 825 1307 891 districtis

210 963 223 1013 ς
242 936 450 1020 quibusdam
470 937 684 1014 cohortibus,
704 947 742 1002 ut
763 957 928 1002 numerus
948 935 1128 1021 legionum
1148 941 1307 1001 censtere

244 1045 429 1113 videretur.

314 1155 391 1234 Hie,
410 1176 514 1239 quam
534 1155 736 1240 longissime
755 1166 896 1238 possent
916 1155 1081 1240 pregredi
1099 1154 1210 1232 iussis
1230 1175 1310 1221 cum

244 1264 311 1329 iam
327 1286 371 1330 ex
389 1264 456 1329 diei
472 1276 630 1349 tempore
647 1263 883 1330 coniecturam
900 1275 1038 1348 caperet
1056 1263 1090 1329 in
1108 1275 1218 1329 castra
1235 1284 1309 1348 per-

244 1385 399 1450 ventum,
424 1374 533 1439 isdem
559 1373 709 1452 subliciS,
735 1380 882 1457 querum
908 1394 985 1457 pars
1008 1373 1150 1439 inferior
1174 1372 1310 1457 integra

195 1512 225 1548 ιο
245 1483 455 1560 remanebat,
480 1492 626 1566 pontem
651 1481 791 1548 reficere
816 1482 941 1566 coepit.
992 1481 1157 1549 Celeriter
1183 1481 1309 1547 effecte

245 1612 349 1674 opere
377 1591 643 1675 legionibusque
672 1591 838 1657 traducns
865 1602 899 1657 et
929 1592 1006 1656 loce
1034 1598 1154 1657 castris
1182 1591 1309 1656 idonee

244 1701 390 1776 delecto,
419 1699 566 1783 reliques
594 1699 712 1784 eripias
739 1699 924 1765 revocavit.
973 1700 1244 1790 Vercingetorix
1273 1706 1309 1764 re

243 1809 397 1894 cognite,
419 1815 462 1874 ne
483 1814 605 1874 contra
625 1829 724 1875 suam
745 1809 961 1875 voluntatem
982 1809 1146 1874 dimicare
1167 1815 1308 1893 cogere-

244 1930 310 1996 tur,
330 1925 467 2003 ma'tgnis
485 1917 665 1984 itineribus
684 1917 876 1984 antecessit.

334 2125 484 2196 Reacbing
503 2126 654 2195 Gergovia,
668 2124 703 2178 he
713 2129 781 2195 gels
797 2140 838 2177 an
856 2124 1072 2195 advantageous
1084 2128 1218 2195 position.

183 2254 227 2335 36
316 2261 441 2328 Caesar
465 2285 509 2328 ex
533 2270 576 2329 eo
600 2265 678 2329 loce
702 2270 831 2348 quintis
854 2271 974 2329 castris
1000 2263 1210 2348 Gergoviam
1234 2284 1309 2347 per-

247 2372 339 2438 venit
364 2379 584 2458 equestrique
608 2380 650 2440 eo
674 2373 729 2440 die
753 2375 886 2458 proelio
910 2374 976 2440 levi
999 2374 1102 2452 lecto,
1128 2379 1309 2458 perspecte

246 2482 338 2548 urbis
355 2484 433 2560 situ,
450 2505 538 2567 quae
554 2484 668 2568 posita
685 2483 719 2548 in
736 2485 903 2551 altissimo
920 2496 1041 2550 monte
1058 2491 1180 2550 omnes
1197 2484 1309 2550 aditus

245 2591 400 2658 difficiles
421 2593 579 2670 babebat,
601 2593 645 2658 de
666 2595 931 2680 oppugnatione
952 2595 1162 2678 desperabo
1184 2594 1227 2658 de
1247 2594 1309 2658 ob-

245 2701 397 2766 sessione
417 2707 488 2766 nen
509 2701 604 2785 prius
623 2703 800 2787 agendum
821 2703 1002 2768 constituit
1022 2723 1126 2787 quam
1148 2723 1220 2766 rem
1242 2701 1310 2767 lni-

194 2834 226 2870 20
243 2809 446 2874 menteriam
462 2811 669 2894 expedisset.
719 2812 766 2877 At
781 2810 1051 2897 Vercingetorix
1067 2817 1185 2876 castris
1202 2831 1310 2893 prope

245 2917 415 3002 oppidum
428 2918 461 2982 in
477 2931 598 2986 monte
614 2919 746 3003 positIs,
762 2922 995 2987 mediocribus
1010 2921 1139 2986 circum
1155 2927 1191 2985 se
1207 2920 1310 2985 inter-

245 3028 340 3092 vr'tllis
362 3027 546 3110 separatim
568 3028 784 3113 singulz'trum
807 3029 986 3094 civitatum
1010 3028 1128 3111 copies
1150 3028 1310 3092 conloce-

245 3147 354 3214 verat;
376 3145 479 3219 atque
501 3136 664 3203 omnibus
685 3138 758 3204 eius
779 3137 852 3223 iugi
873 3137 1019 3203 collibus
1041 3143 1220 3222 occupetis
1241 3143 1310 3221 que

245 3245 367 3328 dispici
390 3254 537 3328 poterat,
562 3246 762 3312 horribilem
787 3245 936 3330 speciem
960 3247 1161 3329 praebebat;
1186 3245 1309 3329 princi-

194 3381 223 3430 25
245 3361 374 3438 pesque
390 3361 508 3420 eerum
524 3355 715 3434 civitatum,
732 3362 821 3440 ques
837 3353 900 3420 sibi
917 3356 959 3421 ad
976 3355 1158 3421 censilium
1175 3353 1310 3438 capien-

245 3461 328 3528 dum
344 3457 531 3549 delegerat,
546 3470 657 3550 prime
672 3465 747 3531 hice
763 3464 890 3530 cotidie
905 3465 947 3529 ad
963 3470 1000 3530 se
1015 3470 1201 3530 convenire
1216 3463 1310 3528 iube-

245 3573 314 3658 bat,
337 3594 397 3639 seu
420 3573 504 3658 quid
527 3572 858 3639 communicandum
881 3593 940 3637 seu
964 3573 1047 3656 quid
1070 3572 1310 3637 administran-

246 3681 329 3746 dum
356 3682 545 3760 videretur;
572 3703 684 3766 neque
710 3681 818 3748 ullum
845 3680 915 3747 iere
941 3681 1033 3746 diem
1059 3679 1310 3746 intermittebat

245 3798 327 3874 quin
344 3798 495 3875 equestri
510 3791 643 3874 proelis>
658 3788 845 3856 interiectis
860 3789 1056 3875 sagittariis,
1073 3788 1155 3874 quid
1174 3789 1208 3853 in
1224 3793 1310 3873 quo-

195 3931 227 3978 30
246 3921 313 3982 que
334 3911 422 3964 esset
442 3899 548 3965 animi
568 3905 608 3964 {tc
628 3898 765 3965 virtutis
786 3903 940 3975 suorum,
961 3898 1221 3982 periclitaretur.
