3000 4456
543 367 660 420 LIBER
689 367 708 420 1.
736 367 818 422 CAP.
844 380 886 431 40.
1211 383 1252 448 29

184 565 288 632 quam
304 544 340 612 in
356 555 493 631 partem
509 556 570 612 aut
587 552 658 632 qud
675 545 821 613 cansilid
838 545 1050 612 ducerentur
1066 543 1129 610 sibi
1147 563 1250 629 quae-

181 654 327 721 rendum
361 666 422 720 aut
458 655 689 740 cagitandum
724 661 898 739 putarent.
959 653 1179 719 Ariovistum
1214 659 1251 718 sa

181 764 324 830 cansule
351 763 573 848 cupidissima
600 764 722 848 populi
750 764 902 829 Ramani
929 761 1119 830 amicitiam
1146 761 1250 847 adpe

181 877 356 951 tisse3ci1r
374 871 467 939 hunc
485 883 558 938 tam
577 879 708 939 temera
725 872 912 966 quisquam
928 872 971 937 ab
990 871 1106 938 officia
1124 870 1249 937 disces-

179 987 298 1047 sarum
313 979 501 1048 itidicaret?
549 981 622 1048 Sibi
638 981 779 1066 quidem
794 981 993 1066 persuaderi
1009 979 1163 1066 cagnitis
1179 987 1250 1046 suis
1268 991 1281 1043 5

178 1090 368 1175 postulatis
383 1100 490 1175 atque
508 1089 686 1175 aequitate
703 1089 952 1156 condicianum
970 1095 1151 1174 perspecti
1169 1110 1250 1155 eum

181 1220 294 1284 neque
313 1219 412 1265 suam
431 1219 544 1284 neque
563 1199 684 1283 populi
706 1198 858 1263 Rdmani
877 1197 1029 1284 gratiam
1048 1197 1249 1282 repudiatu-

179 1329 265 1374 rum.
317 1307 425 1393 Quod
446 1313 474 1374 si
494 1307 610 1373 furare
629 1319 736 1393 atque
755 1307 911 1374 amentia
931 1307 1100 1392 impulsus
1120 1307 1250 1373 bellum

180 1415 364 1495 intulisset,
389 1415 472 1501 quid
497 1417 641 1484 tandem
664 1416 888 1483 verarentur?
935 1416 1010 1482 Aut
1035 1416 1164 1483 carde
1188 1423 1250 1483 sua

180 1507 312 1592 uirtute
331 1537 392 1591 aut
414 1527 457 1592 da
476 1525 584 1610 ipsius
604 1525 787 1611 diligentia
806 1525 1051 1609 despararent?
1100 1525 1247 1591 Factum
1269 1554 1300 1590 ιο

180 1635 253 1701 aius
267 1633 380 1700 hostis
393 1635 586 1719 periculum
601 1644 742 1719 patrum
756 1640 960 1700 nostrarum
976 1633 1152 1711 memoria,
1168 1656 1249 1701 cum

182 1744 331 1811 Cimbris
353 1755 388 1810 et
412 1743 585 1810 Teutonis
606 1749 627 1810 a
650 1743 689 1810 C.
716 1744 830 1811 Mariti
854 1745 961 1829 pulsis
984 1751 1055 1810 ndn
1080 1745 1250 1812 minarem

181 1855 319 1919 laudem
343 1853 519 1920 exercitus
544 1874 649 1938 quam
673 1853 747 1939 ipse
771 1853 961 1939 imperator
986 1854 1131 1921 meritus
1156 1853 1250 1921 vida-

181 1963 299 2042 batur;
325 1963 458 2030 factum
484 1961 591 2029 etiam
618 1969 729 2049 nuper
753 1963 789 2028 in
816 1950 918 2030 Italia
943 1965 1057 2030 servili
1083 1966 1248 2044 tumultu,

183 2079 272 2158 quas
296 2084 415 2139 tamen
439 2071 569 2158 aliquid
594 2079 678 2140 tisus
702 2079 742 2140 ac
768 2072 948 2159 disciplina
973 2095 1079 2159 quam
1104 2080 1124 2139 a
1149 2074 1250 2139 nabis
1270 2100 1298 2150 ις

182 2182 407 2268 acecpissent,
426 2183 655 2251 sublevarent.
699 2183 756 2249 Ex
773 2190 843 2270 qud
862 2183 1005 2249 iudicari
1022 2204 1125 2268 posse
1142 2205 1250 2268 quan·

183 2305 258 2359 tum
286 2293 428 2360 haberet
456 2294 491 2359 in
519 2301 555 2361 sa
581 2295 666 2360 boni
692 2293 902 2372 canstantia,
931 2301 1116 2379 propterea
1143 2295 1249 2379 quod,

182 2410 270 2489 quas
298 2403 509 2490 aliquamdiu
537 2405 686 2471 inermas
714 2405 786 2471 sine
815 2410 919 2471 causa
947 2397 1156 2482 timuissent,
1185 2404 1252 2469 bas

181 2520 305 2598 postea
322 2521 477 2580 armatas
494 2521 535 2580 ac
552 2514 703 2580 victdras
721 2521 950 2598 superassent.

249 2623 410 2709 Denique
441 2625 506 2692 has
537 2648 612 2692 esse
642 2627 785 2693 easdem
818 2625 1011 2692 Germanas
1043 2623 1250 2710 quibuscum
1269 2653 1301 2690 πο

181 2742 431 2819 saepenumerd
449 2735 606 2802 Helvetii
623 2743 811 2821 congressi,
831 2743 901 2801 nan
920 2735 1033 2801 salum
1051 2735 1084 2799 in
1104 2734 1250 2800 suissed

180 2844 285 2910 etiam
302 2843 336 2909 in
355 2844 494 2910 illarum
511 2844 648 2925 finibus,
669 2846 873 2930 plerumque
891 2843 1102 2930 superarint3
1121 2851 1180 2930 qui
1200 2856 1251 2910 ta-

182 2975 262 3019 men
288 2961 388 3038 paras
414 2976 488 3020 esse
514 2961 638 3020 nostri>
664 2955 835 3021 exercitui
862 2962 933 3021 nan
960 2954 1152 3040 potuerint.
1214 2953 1251 3021 Si

181 3069 269 3147 quas
289 3063 474 3131 adversum
494 3065 665 3150 proelium
687 3077 721 3132 et
743 3066 826 3152 iuga
849 3066 1029 3132 Gallarum
1051 3071 1251 3132 commova-

181 3182 244 3250 ret,
262 3171 337 3251 has,
356 3180 383 3239 si
400 3188 615 3258 quaererent,
635 3182 783 3261 reperire
801 3198 902 3260 posse
920 3175 1154 3242 diuturnitate
1170 3175 1251 3240 beur
1269 3204 1299 3254 25

181 3281 385 3368 defatigatis
403 3282 510 3350 Gallis
527 3284 756 3364 Ariovistum,
777 3307 857 3352 cum
876 3286 1006 3352 multas
1025 3291 1160 3351 mansas
1179 3306 1251 3351 cas-

183 3397 245 3456 tris
272 3397 310 3458 sa
336 3398 377 3458 ac
405 3393 589 3477 paladibus
617 3394 785 3461 tenuisset
815 3416 927 3479 neque
956 3401 1008 3460 sui
1036 3401 1251 3479 potestatem

182 3499 329 3579 iecisset,
350 3501 575 3586 dasparantas
594 3502 662 3569 iam
682 3505 725 3570 da
745 3509 865 3589 pugna
884 3514 918 3569 et
939 3503 1113 3588 dispersas
1134 3503 1251 3569 subita

181 3609 344 3676 adortum
359 3610 471 3697 magis
486 3612 622 3678 ratibne
637 3623 672 3678 et
689 3612 834 3679 cansilid
850 3635 955 3698 quam
970 3613 1102 3679 virtute
1118 3613 1249 3679 vicisse.

182 3717 246 3784 Cui
271 3718 400 3786 tatiani
423 3727 546 3786 contra
569 3721 729 3788 hominas
751 3722 916 3788 barbaras
940 3733 1046 3807 atque
1070 3722 1251 3807 imperitas
1269 3753 1301 3802 30

182 3827 279 3894 locus
308 3827 441 3906 fuisset,
470 3829 535 3896 hac
563 3837 607 3896 na
634 3829 747 3915 ipsum
777 3830 918 3915 quidem
947 3837 1083 3916 sparare
1112 3837 1251 3898 nostras
1282 3824 1288 3834 ’

181 3937 358 4003 exercitus
379 3945 457 4022 capi
476 3960 587 4024 posse.
