3044 4442
516 380 634 433 erasa
660 382 693 434 v.
720 382 804 436 cnr.
832 392 943 449 53-54·
1205 397 1263 462 137

195 557 276 623 siliis
294 563 334 624 ac
354 564 453 623 metir
474 557 653 624 Gallorum
673 559 834 624 nantium
852 557 1033 643 acciperet.
1084 558 1125 623 In
1146 558 1199 623 his
1218 557 1261 624 ab

195 666 234 731 L.
253 665 393 742 Roscia,
411 687 515 750 quem
531 665 661 751 legioni
678 685 751 730 xm
770 666 991 751 praefecerat,
1009 666 1135 731 certior
1151 667 1261 732 factus

195 784 246 840 est
268 780 415 860 magnas
443 773 657 859 [Gallorum]
686 773 804 859 copias
827 781 945 841 earum
969 774 1149 840 civitatum
1173 797 1261 859 quae

194 881 419 948 Aremoricae
440 883 657 966 appellantur
680 883 909 968 oppugnandi
932 889 985 948 sui
1008 890 1112 949 causa
1135 892 1262 952 conve-

195 992 284 1058 nisse
306 1012 418 1076 neque
441 991 581 1077 longius
602 991 741 1057 mllibus
762 1013 926 1077 passuum
949 1012 1022 1057 vm
1044 993 1087 1058 ab
1109 994 1293 1067 hiberniss

194 1107 263 1166 suis
280 1101 415 1178 aluisse,
433 1100 493 1166 sed
510 1100 633 1166 nuntio
650 1099 767 1167 adlato
784 1101 828 1166 de
845 1101 991 1167 victoria
1010 1101 1175 1181 Caesaris,
1194 1103 1261 1170 dis-

193 1210 334 1276 cessisse
349 1208 436 1276 adee
452 1221 490 1275 ut
506 1209 609 1296 fugae
625 1209 744 1274 similis
759 1209 929 1276 discessus
946 1211 1130 1278 videretur.

398 1414 457 1470 The
470 1414 590 1469 Senones
601 1415 665 1469 and
674 1415 769 1469 others
781 1419 910 1486 prepare
920 1422 950 1471 to
960 1418 1059 1473 revolt.

261 1549 309 1612 At
328 1548 463 1625 Caesar,
481 1548 694 1633 principibus
712 1549 879 1634 caiusque
897 1550 1045 1616 civitatis
1062 1551 1105 1617 ad
1124 1559 1161 1617 se
1178 1557 1259 1618 evo·
1276 1566 1319 1635 54

195 1664 283 1724 catIs
300 1657 385 1723 alios
403 1657 607 1736 territando,
626 1679 707 1724 cum
724 1665 760 1725 se
777 1665 864 1725 scire
880 1681 969 1744 quae
987 1659 1108 1726 fierent
1128 1661 1260 1726 denun-

193 1766 304 1845 tiaret,
318 1766 404 1846 alios
417 1767 646 1845 cohortando,
661 1767 827 1854 magnam
840 1778 975 1854 partem
990 1766 1120 1834 Galliae
1134 1768 1169 1832 in
1183 1767 1258 1832 offi-
1280 1795 1310 1831 ιο

193 1873 247 1939 cio
265 1874 385 1940 tenuit.
435 1874 569 1940 Tamen
588 1875 755 1954 Senones,
775 1896 862 1960 quae
880 1886 932 1942 est
950 1876 1070 1942 civitas
1088 1875 1122 1969 in
1141 1881 1259 1959 primis

194 1984 292 2048 lrrma
313 1994 346 2049 et
369 1990 517 2069 magnae
539 1984 628 2051 inter
650 1984 768 2051 Galles
789 1983 1015 2062 auctoritatis,
1039 1984 1275 2063 Cavarinum„

192 2114 295 2176 quem
315 2092 441 2159 Caesar
458 2093 550 2178 apud
568 2099 628 2159 eos
646 2099 766 2178 regem
783 2093 1021 2170 censtituerat,
1040 2093 1138 2158 caius
1156 2093 1260 2160 lrater

193 2203 408 2288 Moritasgus
423 2203 574 2268 adventa
589 2203 623 2266 in
640 2201 785 2268 Galliam
800 2202 956 2268 Caesaris
970 2201 1137 2286 caiusque
1151 2202 1277 2269 maio.

194 2321 247 2379 res
275 2293 424 2404 regnum
453 2311 691 2391 obtinuerant,
721 2312 915 2379 interficere
944 2311 1083 2398 pablico
1113 2311 1259 2378 consilio
1279 2337 1307 2386 15

192 2427 319 2500 conati,
340 2443 420 2486 curn
441 2421 495 2486 ille
516 2419 761 2504 praesensisset
781 2426 821 2486 ac
835 2405 1064 2505 profugisset,
1085 2425 1195 2504 risque
1215 2419 1258 2485 ad

192 2531 278 2597 sines
295 2536 443 2597 insecuti
461 2536 572 2614 regno
591 2529 769 2613 domoque
788 2528 1011 2612 expulerunt;
1031 2539 1066 2595 et
1086 2528 1197 2594 missis
1215 2528 1259 2595 ad

192 2640 375 2707 Caesarem
402 2639 636 2706 satisfaciendi
662 2645 765 2704 causa
791 2638 926 2724 legatis,
949 2629 1035 2703 ¹curn
1061 2637 1090 2703 is
1117 2659 1258 2704 ornnem

194 2750 237 2815 ad
264 2755 300 2816 se
327 2756 489 2816 senatum
516 2755 633 2815 venire
660 2747 825 2827 iussisset,
854 2748 951 2814 dicte
979 2747 1161 2814 audientes
1188 2754 1259 2813 non

193 2857 340 2924 luerunt.
1277 2888 1309 2925 20

261 2967 314 3034 Ac
336 2977 472 3032 tantum
495 2966 588 3050 apud
610 2966 770 3032 homines
791 2965 955 3031 barbaros
977 2964 1083 3031 valuit
1104 2986 1179 3031 esse
1200 2963 1259 3040 ali-¹

192 3082 280 3159 ques
299 3081 455 3161 repertas
474 3075 646 3159 principes
665 3075 745 3141 belli
763 3073 943 3150 inferendi,
964 3084 1166 3157 tantamque
1185 3095 1259 3140 om-

192 3167 293 3251 nibus
315 3187 541 3251 voluntatum
563 3185 878 3250 comminationem
893 3179 1022 3249 'attulit
1047 3192 1097 3262 ut,
1122 3194 1258 3267 praeter

192 3293 361 3360 Haeduas
374 3305 408 3361 et
423 3294 564 3372 Remos
577 3300 666 3377 quos
679 3293 866 3377 praecipua
879 3314 1016 3378 semper
1029 3293 1162 3359 honore
1175 3293 1259 3359 Cae-

192 3424 247 3468 sar
259 3402 389 3479 habuit,
404 3403 530 3468 alteros
545 3408 609 3486 pro
624 3413 740 3468 vetere
754 3408 794 3468 ac
808 3409 976 3487 perpetue
991 3408 1075 3486 erga
1090 3402 1259 3486 populum
1278 3431 1308 3480 25

194 3512 394 3579 Remanum
412 3511 491 3588 fide,
509 3512 635 3577 alteros
652 3517 716 3594 pro
734 3511 930 3577 recentibus
949 3509 1070 3577 Gallici
1088 3511 1168 3577 belli
1185 3510 1260 3577 offi-

192 3622 263 3699 ciis,
280 3601 372 3688 milla
386 3621 457 3687 lere
472 3619 592 3686 civitas
607 3619 708 3685 luerit
725 3626 795 3685 nen
811 3631 972 3704 suspecta
988 3621 1098 3686 nobas.
1149 3620 1260 3704 quue

192 3732 280 3798 adeo
298 3730 389 3797 haud
408 3730 480 3795 scio
498 3728 740 3794 mirandumne
758 3727 812 3804 sit,
831 3750 910 3794 cum
931 3720 1167 3813 c'omplaribus
1187 3728 1260 3795 aliis

195 3841 239 3906 de
257 3847 377 3918 causis,
397 3850 474 3905 turn
492 3838 644 3904 maxime
661 3838 756 3923 quod
775 3845 835 3922 qui
852 3837 982 3904 virtute
999 3839 1079 3905 belli
1097 3837 1260 3904 omnibus

193 3949 358 4034 gentibus
379 3946 671 4033 praeferebantur,
693 3955 830 4011 tantum
853 3951 889 4010 se
910 3945 983 4011 eius
1005 3946 1180 4030 opinionis
1202 3945 1259 4011 de·
1279 3973 1311 4022 30
