3000 4456
228 275 247 335 8
618 272 731 324 BELLl
758 273 915 324 GALLICI

230 456 396 514 venerant
413 455 604 534 eorumque
620 456 724 535 agros
739 450 1007 535 populabantur.
1049 449 1198 528 Haedui,
1216 471 1296 516 cum

229 564 266 624 se
280 578 410 642 suaque
425 557 468 623 ab
483 563 532 622 eis
546 556 731 623 defendere
746 563 817 624 non
832 569 984 643 possent,
1000 559 1135 642 legatos
1148 558 1192 623 ad
1210 557 1293 624 Cae-

231 688 341 733 sarem
358 667 501 733 mittunt
519 673 683 752 rogatum
701 667 882 732 auxilium:
901 667 954 731 Ita
971 672 1008 732 se
1025 672 1121 732 omni
1137 677 1295 751 tempore

231 777 275 842 de
289 775 422 862 populo
438 777 601 842 Romano
616 775 760 842 meritos
775 796 858 854 esse,
874 786 913 841 ut
930 795 1038 860 paene
1052 774 1087 840 in
1103 780 1295 860 conspecto

197 895 209 944 5
230 885 405 951 exercitos
422 892 535 950 nostri
551 892 627 970 agri
643 890 781 964 vastari,
800 884 896 950 liberi
918 885 1074 970 [eorum]
1097 885 1132 950 in
1151 886 1296 952 servito-

229 1006 302 1060 tem
317 994 453 1073 abdoci,
471 993 600 1079 oppida
616 999 811 1078 expognari
827 999 898 1059 non
916 993 1109 1061 debuerint.
1160 995 1296 1061 Eodem

134 1122 138 1128 ·
229 1114 387 1188 tempore
408 1102 585 1186 [Haedui]
606 1101 778 1180 Ambarri,
795 1101 976 1168 necessarii
991 1113 1025 1168 et
1043 1103 1294 1189 consanguinei

230 1212 471 1290 Haeduorum,
492 1210 675 1277 Caesarem
694 1211 876 1279 certiorem
895 1211 1026 1277 faciunt
1047 1219 1122 1279 sese
1140 1213 1295 1298 depopu-

230 1323 307 1388 latis
323 1327 414 1406 agris
430 1326 501 1386 non
519 1319 615 1387 lacile
631 1321 673 1385 ab
689 1319 828 1404 oppidis
844 1319 913 1384 vim
930 1319 1082 1385 hostium
1100 1321 1292 1406 prohibere.

181 1460 212 1498 ιο
231 1432 323 1497 Item
338 1430 560 1514 Allobroges,
577 1435 636 1513 qui
653 1435 749 1495 trans
767 1429 979 1495 Rhodanum
995 1436 1091 1496 vicos
1107 1431 1295 1516 possessio-

230 1547 359 1625 nesque
376 1538 563 1618 habebant,
581 1536 665 1624 luga
681 1544 718 1603 se
734 1537 778 1604 ad
797 1537 978 1604 Caesarem
995 1539 1165 1625 recipiunt
1183 1552 1218 1606 et
1236 1542 1295 1608 de·

230 1656 426 1715 monstrant
453 1647 517 1714 sibi
544 1657 680 1732 praeter
705 1654 781 1733 agri
808 1648 921 1713 solum
948 1647 1032 1712 nihil
1059 1669 1133 1714 esse
1161 1649 1292 1734 reliqui.

229 1757 368 1844 Quibus
386 1756 489 1824 rebus
507 1757 681 1823 adductus
701 1757 828 1824 Caesar
846 1763 916 1823 non
936 1759 1212 1842 exspectandum
1232 1760 1294 1827 sibi

222 1859 360 1945 statuit,
385 1866 480 1945 dum,
506 1866 669 1932 omnibus
692 1866 841 1931 fortonis
865 1865 1041 1932 sociorum
1066 1872 1293 1953 consumptis,

180 2008 209 2059 15
229 1976 264 2043 in
282 1976 461 2043 Santonos
480 1975 637 2044 Helvetii
655 1982 883 2060 pervenirent.

320 2185 368 2240 He
379 2185 503 2257 destroys
513 2201 564 2239 one
574 2185 701 2238 dtbtit'on
713 2185 750 2256 os
757 2185 805 2239 the
816 2185 988 2239 Helvetians
999 2191 1033 2240 at
1044 2185 1093 2240 tlte
1103 2184 1204 2240 Sadne.

171 2337 212 2391 12
299 2318 447 2387 Flamen
462 2328 514 2384 est
531 2318 630 2396 Arar,
647 2316 742 2402 quod
758 2338 820 2401 per
834 2317 921 2383 lines
939 2319 1169 2386 Haeduorum
1185 2329 1221 2386 et
1236 2317 1296 2386 Se·

228 2435 423 2515 quanorum
439 2427 475 2494 in
492 2427 706 2494 Rhodanum
722 2425 847 2505 influit,
865 2425 1057 2495 incredibili
1074 2429 1228 2508 lenitate,
1246 2428 1296 2494 ita

230 2553 267 2608 ut
292 2541 411 2620 oculis,
436 2540 470 2606 in
493 2552 607 2606 utram
630 2552 766 2625 partem
789 2540 886 2620 lluat,
910 2540 1053 2607 iodicari
1076 2547 1147 2605 non
1170 2539 1291 2624 possit.

230 2650 271 2717 Id
306 2649 460 2716 Helvetii
493 2649 625 2716 ratibus
659 2656 699 2716 ac
733 2649 894 2717 lintribus
927 2648 1054 2717 iunctis
1089 2648 1293 2716 transibant.

177 2779 210 2818 20
229 2758 299 2825 Ubi
316 2781 377 2844 per
393 2759 634 2843 exploratores
651 2758 778 2825 Caesar
794 2759 923 2825 certior
938 2757 1051 2825 lactus
1068 2769 1120 2826 est
1140 2764 1209 2825 tres
1225 2757 1295 2824 iam

228 2874 344 2953 partes
362 2867 542 2952 copiarum
562 2867 747 2933 Helvetios
764 2867 799 2933 id
818 2867 947 2933 flumen
968 2867 1174 2947 tradiixisse‚
1195 2889 1295 2954 quar-

229 2987 302 3042 tam
319 2975 389 3042 lere
405 2987 541 3061 partem
558 2977 646 3043 citra
663 2976 792 3042 fiumen
809 2975 947 3042 Ararim
965 2977 1131 3061 reliquam
1149 2997 1231 3054 esse,
1252 2976 1295 3042 de

229 3084 331 3150 tertia
349 3084 467 3170 vigilia
487 3108 567 3152 cum
586 3085 783 3171 legionibus
804 3084 915 3150 tribus
934 3091 953 3150 e
973 3091 1093 3150 castris
1114 3082 1291 3168 proiectus

228 3192 272 3258 ad
290 3215 365 3260 eam
383 3203 518 3278 partem
535 3191 703 3279 pervenit,
722 3213 811 3277 quae
828 3192 986 3258 nondum
1004 3191 1132 3257 flumen
1150 3189 1293 3256 transie-

177 3325 207 3374 πε
227 3311 291 3368 rat.
342 3301 413 3370 Eos
429 3301 618 3387 impeditos
635 3312 669 3368 et
686 3301 910 3387 inopinantes
927 3303 1111 3386 adgressus
1129 3306 1293 3388 magnam

228 3421 364 3495 partem
385 3417 507 3478 eorum
528 3412 698 3489 concidit;
719 3411 840 3495 reliqui
862 3416 936 3476 sese
958 3410 1061 3498 lugae
1083 3413 1293 3478 mandarunt

228 3531 334 3606 atque
353 3519 387 3587 in
408 3520 585 3606 proximas
605 3520 707 3587 silvas
726 3520 945 3586 abdiderunt.

298 3630 332 3696 Is
354 3636 465 3716 pagus
487 3628 726 3714 appellabatur
747 3629 953 3715 Tigurinus;
974 3651 1056 3696 nam
1077 3630 1191 3697 omnis
1213 3629 1294 3696 civi-

230 3745 283 3806 tas
302 3738 466 3806 Helvetia
484 3738 518 3804 in
537 3750 704 3825 quattuor
722 3745 834 3825 pagos
852 3739 961 3806 divisa
980 3750 1043 3806 est.
1094 3739 1164 3805 Hic
1183 3747 1294 3825 pagus

179 3877 210 3926 ³0
229 3855 328 3928 onus
350 3871 430 3916 cum
450 3849 557 3916 domo
578 3856 719 3928 exisset,
742 3859 882 3935 patrum
902 3855 1104 3914 nostrorum
1125 3848 1292 3915 memoria
