3000 4456
251 357 295 436 46
638 359 751 412 BELLI
779 359 936 411 GALLICI

255 536 319 600 tim
355 537 399 602 ad
435 537 616 622 planitiem
652 537 797 615 redibat,
835 537 878 603 ab
915 544 1064 621 utroque
1100 538 1208 602 latere
1245 534 1318 602 eius

253 645 350 710 collis
381 653 613 712 transversam
645 646 773 712 fossam
803 645 953 711 obduxit
986 644 1122 717 circiter
1153 666 1318 730 passuum

256 773 343 820 cccc
366 764 401 819 et
426 753 469 819 ad
493 761 669 829 extremas
693 754 803 820 fossas
827 754 968 820 castella
991 753 1177 820 constituit
1203 753 1320 838 ibique

255 873 433 929 tormenta
472 863 681 941 conlocavit,
723 870 776 943 ne,
817 884 897 929 cum
936 863 1045 928 aciem
1084 863 1318 944 instruxisset,

220 984 233 1034 5
254 972 381 1051 hostes
398 973 493 1057 quod
509 982 649 1039 tantum
665 971 890 1038 multitadine
906 982 1081 1057 poterant,
1098 972 1141 1038 ab
1157 971 1319 1039 lateribus

253 1088 450 1167 pugnantes
465 1088 548 1148 suas
565 1082 814 1149 circumvenire
832 1092 983 1166 possent.
1026 1082 1108 1148 Hoc
1125 1081 1217 1148 facta
1234 1082 1317 1148 dua-

254 1192 318 1257 bus
343 1191 539 1277 legionibus
564 1199 650 1278 quas
675 1191 834 1278 proxime
858 1199 1109 1277 conscripserat
1137 1192 1171 1258 in
1197 1199 1318 1258 castris

252 1301 389 1380 relictis,
404 1314 452 1380 ut,
466 1309 495 1368 si
507 1309 578 1386 quo
593 1293 681 1387 opus
696 1312 795 1381 esset,
810 1301 965 1368 subsidio
979 1303 1059 1368 daci
1074 1311 1226 1387 possent,
1242 1301 1316 1367 reli-

254 1417 339 1494 quas
355 1431 394 1477 vt
412 1411 568 1497 legionas
585 1419 648 1497 pro
665 1418 788 1477 castris
805 1412 839 1476 in
857 1411 930 1478 acie
946 1412 1141 1478 constituit.
1185 1412 1318 1477 Hostes

203 1544 233 1579 ιο
252 1520 337 1585 item
352 1527 431 1586 suas
445 1520 564 1606 copias
579 1542 623 1585 ex
638 1528 759 1587 castris
775 1521 920 1587 eductas
934 1527 1188 1587 instruxerunt.

288 1681 316 1733 T
311 1679 347 1734 he
363 1681 471 1752 Regae
487 1688 535 1752 try
552 1687 580 1735 to
598 1698 673 1735 cross
690 1681 739 1735 the
756 1683 848 1735 Aisne
865 1682 929 1735 and
943 1682 1042 1735 attach
1062 1681 1191 1736 Caesar's
1208 1699 1285 1736 rear.

211 1797 233 1864 9
324 1790 427 1856 Palas
441 1801 513 1856 erat
528 1797 599 1856 non
615 1798 744 1877 magna
759 1791 851 1858 inter
866 1803 1028 1857 nostrum
1043 1803 1147 1877 atque
1162 1790 1318 1858 hostium

252 1899 455 1966 exercitum.
498 1901 602 1967 Hanc
619 1907 648 1967 si
664 1907 777 1966 nostri
794 1907 981 1967 transirent
1000 1902 1121 1967 hostes
1138 1907 1318 1986 exspecta-

251 2008 348 2086 bant3
367 2015 477 2073 nostri
494 2020 622 2086 autem,
642 2015 670 2074 si
688 2009 730 2074 ab
750 2009 814 2074 illis
833 2008 969 2073 initium
989 2009 1190 2075 transeundi
1208 2008 1316 2086 fieret,

252 2127 290 2181 ut
308 2116 493 2202 impeditas
510 2117 786 2202 adgrederentur
803 2124 914 2203 parati
933 2118 967 2183 in
986 2125 1090 2183 armis
1108 2130 1214 2185 erant.
1259 2119 1315 2183 In-

201 2244 230 2294 15
253 2225 354 2290 terim
373 2226 506 2311 proelio
526 2233 678 2312 equestri
699 2227 789 2293 inter
809 2229 895 2294 duas
915 2227 1005 2293 acies
1025 2229 1315 2294 contendebatur.

253 2317 323 2400 'Ubi
339 2342 453 2401 neutri
470 2338 673 2403 transeundi
688 2336 827 2406 initium
843 2335 985 2416 faciunt,
1004 2336 1207 2403 secundiore
1223 2335 1316 2422 equi·

252 2453 329 2509 tum
359 2444 491 2529 proelio
523 2453 652 2512 nostris
684 2444 812 2512 Caesar
842 2453 924 2512 suos
955 2445 989 2511 in
1022 2458 1135 2512 castra
1165 2446 1315 2512 reduxit.

252 2553 383 2620 Hostes
399 2555 557 2638 protinus
572 2579 617 2620 ex
633 2563 675 2622 eo
692 2557 770 2621 loca
786 2556 828 2621 ad
847 2555 976 2622 flamen
992 2557 1157 2648 Axonam
1174 2567 1315 2621 conten-

250 2663 385 2742 derunt,
402 2665 496 2747 quod
512 2685 586 2731 esse
603 2675 681 2750 post
697 2676 815 2730 nostra
832 2677 942 2731 castra
959 2665 1235 2730 demonstratum
1253 2675 1313 2728 est.

200 2795 232 2832 ιο
253 2772 305 2836 Ibi
326 2773 423 2838 vadis
444 2779 589 2858 repertis
612 2784 745 2859 partem
767 2781 909 2840 suarum
933 2773 1111 2858 copiarum
1134 2773 1313 2838 traducere

251 2887 367 2947 canati
392 2894 483 2961 sunt,
509 2890 551 2949 eo
577 2884 722 2949 censitio
748 2894 797 2962 ut,
823 2891 851 2949 si
877 2893 1030 2968 possent,
1055 2883 1233 2948 castellum
1260 2882 1314 2948 cui

250 3004 404 3076 praeerat
429 2993 473 3077 Q.
497 2993 652 3059 Titinius
676 2994 811 3078 legatus
834 2999 1077 3078 expugnarent
1102 3003 1315 3077 pontemque

251 3099 555 3179 interscinderent;
577 3108 605 3168 si
627 3101 741 3167 minus
763 3101 972 3186 potuissent,
996 3107 1100 3187 agros
1124 3101 1316 3166 Remorum

249 3211 508 3295 popularentur,
530 3215 590 3294 qui
610 3217 741 3295 magno
762 3211 863 3276 nobis
884 3216 961 3276 risui
980 3210 1022 3275 ad
1044 3210 1172 3275 bellum
1193 3230 1314 3294 geren-

191 3347 229 3416 ¹25
252 3321 335 3385 dum
349 3330 457 3398 erant,
474 3325 745 3404 commeatuque
760 3326 901 3385 nostras
916 3319 1152 3405 prohiberent.

537 3491 613 3561 They
623 3507 676 3544 are
687 3491 821 3562 defeated
829 3492 893 3545 and
901 3492 1033 3562 disperse.

193 3623 232 3673 10
322 3600 448 3668 Caesar
466 3601 595 3668 certior
612 3602 724 3669 factus
742 3603 785 3669 ab
803 3603 942 3668 Titurio
960 3624 1101 3668 omnem
1121 3603 1317 3686 equitatum

253 3724 287 3777 et
309 3711 392 3777 levis
412 3719 608 3778 armaturae
630 3712 811 3791 Numidas
833 3712 1026 3778 funditores
1049 3712 1317 3796 sagittariosque

253 3831 359 3906 ponte
381 3822 530 3887 tradacit
551 3834 655 3906 atque
675 3823 719 3888 ad
740 3829 800 3888 eos
821 3821 1012 3888 contendit.
1059 3821 1197 3887 Acriter
1216 3821 1250 3886 in
1273 3826 1314 3910 ea

251 3931 330 3996 loco
355 3937 551 4015 pirgnatum
577 3942 637 3998 est.
689 3931 821 3997 Hostes
846 3931 1033 4016 impeditos
1058 3937 1168 3994 nostri
1193 3930 1228 3994 in
1254 3929 1316 3994 flu-
