3044 4442
269 330 313 396 60
661 335 775 390 BELLl
801 335 960 391 GALLICl

274 519 376 579 muro
399 514 433 579 in
455 514 583 581 fossam
605 538 694 601 quae
717 527 789 582 erat
812 529 891 583 ante
914 518 1083 603 oppidum
1105 517 1204 598 iacto,
1228 526 1276 587 sic
1299 531 1338 587 ut

271 643 380 707 prope
396 644 569 690 summam
587 631 677 694 mitri
693 625 900 711 aggerisque
917 627 1139 694 altitudinem
1156 636 1270 696 acervi
1287 652 1339 696 ar-

271 739 409 798 morum
428 733 675 820 adaequarent,
695 746 730 802 et
751 746 869 802 tamen
888 735 1025 802 circiter
1043 747 1142 822 parte
1162 737 1276 816 tertii,
1297 749 1337 804 ut

269 849 394 926 posteri
410 855 633 928 perspectum
651 857 712 924 est,
732 846 843 912 celita]
862 856 968 930 atque
985 845 1020 910 in
1040 846 1172 931 oppido
1190 853 1336 926 retente,

237 981 250 1032 ς
270 959 380 1037 portis
393 954 579 1038 patefactis
593 961 636 1021 eo
652 955 707 1022 die
721 961 805 1040 pice
819 965 900 1022 sunt
915 961 977 1022 tisi.

298 1157 428 1229 Maktitg
438 1175 458 1211 a
470 1159 550 1229 sally,
563 1157 628 1229 they
639 1175 692 1214 are
704 1158 838 1229 repulsed
845 1158 918 1212 wt‘th
924 1165 1016 1231 great
1025 1159 1086 1214 loss.
1125 1159 1202 1214 Over
1209 1175 1312 1230 50‚ooo

663 1263 716 1301 arc
725 1246 789 1301 sold
797 1263 832 1300 as
842 1244 941 1301 slaves.

211 1387 253 1453 33
340 1370 413 1438 Sub
437 1393 619 1457 vesperum
642 1372 769 1440 Caesar
791 1380 912 1458 portis
935 1373 1048 1440 claudi
1071 1374 1266 1459 militesque
1290 1396 1335 1440 ex

269 1479 401 1565 oppido
414 1487 509 1547 exire
523 1481 633 1561 iussit,
648 1489 692 1550 ne
707 1504 812 1568 quam
828 1489 938 1549 noctti
953 1482 1119 1568 oppidini
1133 1490 1154 1549 ἐι
1168 1482 1335 1549 militibus
1410 1560 1413 1564 ,

268 1589 427 1655 iniuriam
445 1591 649 1676 acciperent.
694 1593 748 1658 Illi
763 1604 846 1659 ante
863 1592 962 1672 inito,
980 1602 1020 1659 ut
1038 1593 1254 1660 intellectum
1269 1603 1333 1673 est,

267 1700 423 1780 consilio,
441 1702 536 1786 quod
554 1701 732 1769 deditione
751 1702 842 1769 lacti
860 1709 1002 1769 nostros
1021 1702 1189 1788 praesidia
1208 1703 1335 1769 deduc-

218 1832 250 1870 ιο
268 1816 367 1877 toros
384 1822 444 1877 aut
464 1811 612 1896 denique
630 1811 870 1898 indiligentius
888 1818 1088 1878 servituros
1107 1812 1333 1891 crediderant,

268 1920 395 2005 partim
417 1942 497 1986 cum
519 1927 568 1988 eiS
589 1943 678 2006 quae
701 1922 916 1988 retinuerant
940 1935 975 1988 et
998 1921 1194 1988 celaverant
1218 1929 1333 2000 armis

269 2031 394 2116 partim
417 2038 523 2098 scutis
546 2055 589 2098 ex
613 2033 742 2098 cortice
765 2032 863 2098 factis
886 2042 946 2097 aut
968 2031 1155 2096 viminibus
1178 2031 1332 2108 intextis,

266 2161 354 2225 quae
372 2140 500 2220 subito,
519 2152 558 2207 ut
577 2141 744 2226 temporis
762 2140 935 2226 exiguitas
954 2138 1167 2223 postulabat,
1187 2139 1333 2223 pellibus

266 2249 487 2329 induxerant,
510 2250 614 2316 tertii
635 2249 761 2335 vigilii,
784 2256 852 2333 qui
873 2247 1015 2313 minime
1036 2247 1165 2313 arduus
1186 2249 1229 2314 ad
1252 2269 1331 2314 nos-

217 2377 246 2426 15
266 2365 337 2425 treis
352 2359 566 2426 munitiones
582 2366 745 2426 ascensus
762 2357 955 2435 videbitur,
974 2355 1138 2423 omnibus
1155 2357 1265 2442 copiis
1281 2378 1331 2423 re-

267 2480 370 2553 pente
388 2492 433 2535 ex
451 2469 583 2554 oppido
602 2468 821 2552 eruptionem
841 2466 1006 2532 fecerunt.

336 2579 511 2656 Celeriter,
532 2589 570 2644 ut
591 2589 671 2644 ante
693 2577 818 2644 Caesar
839 2577 1078 2661 impetiverat,
1099 2577 1241 2662 ignibus
1263 2583 1331 2662 sig-

266 2688 466 2756 nificetione
490 2688 592 2766 facte,
618 2709 661 2753 ex
687 2685 856 2772 proximis
880 2688 1029 2753 castellis
1054 2693 1096 2753 eo
1120 2709 1331 2754 concursum

266 2810 328 2876 est,
347 2804 612 2883 pugnatumque
631 2799 674 2863 ab
694 2795 852 2862 hostibus
871 2795 919 2862 ita
936 2796 1062 2863 acriter
1080 2806 1132 2862 est
1153 2806 1190 2862 ut
1210 2803 1230 2863 i
1250 2796 1330 2862 viris

214 2929 247 2966 20
265 2906 413 2972 fortibus
431 2905 465 2970 in
483 2910 641 2971 extremi
660 2911 721 2990 spe
738 2904 859 2971 salutis
877 2904 998 2990 iniquo
1018 2905 1107 2984 loco,
1128 2912 1252 2972 contri
1271 2912 1331 2972 eos

264 3022 324 3101 qui
342 3037 386 3080 ex
405 3014 496 3081 vallo
517 3014 739 3100 turribusque
758 3015 829 3081 tela
847 3014 1008 3093 iacerent,
1028 3020 1178 3101 ptigmiri
1199 3015 1329 3094 debuit,

264 3145 344 3190 cum
359 3121 395 3187 in
412 3128 481 3189 uni
496 3120 628 3189 virtute
644 3121 758 3189 omnis
775 3129 853 3207 spes
871 3121 1088 3189 consisteret.
1133 3121 1268 3188 Occisis
1287 3122 1330 3188 ad

264 3233 445 3300 hominum
466 3232 604 3299 milibus
625 3252 688 3298 1111
708 3231 831 3317 reliqui
850 3232 885 3297 in
906 3231 1076 3316 oppidum
1097 3230 1215 3297 reiecti
1237 3242 1327 3297 sunt.

268 3345 439 3411 Postridie
462 3344 536 3410 eius
559 3343 626 3410 diei
649 3343 803 3409 refractis
826 3347 946 3426 portis,
971 3360 1050 3405 cum
1076 3339 1143 3405 iam
1167 3340 1329 3407 defende-

213 3479 244 3530 ας
267 3467 318 3522 ret
344 3460 459 3532 nemo,
484 3465 589 3538 atque
616 3452 822 3518 intromissis
847 3449 1014 3514 militibus
1040 3455 1178 3527 nostriS,
1205 3451 1328 3518 sectio-

265 3581 344 3626 nem
369 3559 443 3625 eius
468 3559 588 3643 oppidi
613 3557 808 3622 universam
834 3554 960 3622 Caesar
983 3554 1149 3621 vendidit.
1198 3556 1255 3623 Ab
1281 3563 1329 3622 eis

265 3673 324 3751 qui
344 3673 497 3733 emerant
518 3664 672 3749 capitum
691 3685 857 3730 numerus
877 3663 920 3730 ad
941 3685 1022 3731 eum
1044 3666 1172 3732 relittus
1192 3675 1244 3734 est
1264 3671 1328 3731 mi-

264 3775 349 3843 lium
365 3793 447 3840 L111.
