3044 4442
505 361 621 414 LIBER
650 362 697 414 lV.
724 362 806 415 CAP.
833 374 945 426 22—-24,
1219 373 1258 444 95

192 541 364 629 praesidia
390 542 484 626 quod
510 542 592 607 satis
617 563 691 608 esse
715 542 947 608 arbitrabatur
973 551 1115 627 portum
1139 545 1258 608 tenere

123 690 127 698 ·
191 651 298 717 iussit.

292 773 399 826 Caesar
410 789 513 827 crassas
527 773 575 826 the
585 773 712 827 channe!
719 773 783 827 and
791 772 915 827 anchors
926 789 999 826 mar
1010 773 1059 826 the
1068 770 1159 826 shore.
1208 779 1211 787 “

261 888 328 953 His
351 887 550 953 constitutis
573 889 675 954 rebus
697 901 819 954 nactus
841 888 1002 954 idoneam
1025 887 1068 953 ad
1092 887 1257 972 navigan·
1276 905 1319 972 23

191 998 276 1064 dum
297 1003 540 1081 tempestatem
561 1017 608 1062 111
631 997 701 1063 lere
723 997 839 1083 vigilia
860 997 975 1074 solvit,
997 996 1201 1080 equitesque
1222 995 1257 1060 in

193 1107 393 1172 ulteriorem
418 1117 560 1192 portum
585 1106 750 1192 progredi
775 1117 809 1172 et
835 1112 940 1172 naves
965 1105 1198 1173 conscendere
1223 1115 1257 1171 et
1280 1134 1292 1183 ⁵

192 1222 228 1281 se
247 1221 345 1299 sequi
364 1215 472 1281 iussit.
515 1197 548 1280 Ᾱ
568 1215 793 1299 quibuscum
814 1216 918 1299 paulo
939 1215 1070 1281 tardius
1090 1226 1179 1283 esset
1199 1215 1258 1280 ad-

193 1325 437 1401 ministratum,
465 1323 538 1408 ipse
564 1325 650 1390 hora
679 1323 746 1389 dier
774 1324 911 1391 circiter
938 1343 1001 1389 1111
1031 1346 1111 1390 cum
1140 1329 1259 1408 primis
1354 1340 1359 1348 ·

193 1433 338 1499 navibus
361 1433 575 1499 Britanniam
596 1433 711 1518 attigit
732 1443 836 1517 atque
857 1433 904 1499 ibi
925 1435 960 1498 in
981 1435 1144 1499 omnibus
1164 1433 1259 1499 colli-

192 1543 256 1607 bus
275 1541 452 1625 expositas
471 1542 624 1608 hostium
646 1542 764 1625 copias
783 1549 932 1608 armatas
951 1543 1144 1626 conspexit.
1191 1542 1258 1608 Cir-

193 1651 245 1717 ius
269 1653 336 1716 loci
358 1652 442 1717 haec
466 1663 538 1716 erat
562 1657 685 1717 natura
709 1662 813 1736 atque
837 1651 884 1717 ita
907 1652 1086 1717 montibus
1110 1657 1311 1736 angustam

193 1781 286 1826 mare
315 1759 560 1825 continebatur
587 1765 638 1824 uti
667 1781 711 1825 ex
740 1761 824 1825 locis
853 1758 1088 1843 superioribus
1117 1759 1151 1824 in
1181 1760 1261 1823 litus

191 1870 298 1935 telum
312 1869 408 1954 adigi
422 1881 550 1953 posset.
591 1869 699 1935 Hunc
713 1870 756 1936 ad
772 1869 1022 1955 egrediendum
1039 1875 1258 1952 nequaquam

191 1977 356 2044 idoneum
373 1979 491 2044 locum
506 1979 704 2056 arbitratus,
722 1979 807 2044 dum
824 1978 975 2062 reliquae
993 1983 1159 2049 naveseri
1177 1999 1258 2043 con-

192 2094 359 2166 venirent,
394 2087 438 2153 ad
473 2087 595 2153 horam
630 2095 759 2154 nonam
793 2088 828 2153 in
862 2094 998 2153 ancoris
1032 2086 1256 2171 exspectavit.

194 2197 337 2262 Interim
356 2198 480 2281 legatis
497 2197 713 2280 tribunisque
732 2197 881 2262 militum
900 2203 1102 2262 convocatis
1119 2207 1152 2262 et
1171 2216 1260 2280 quae
1280 2223 1308 2272 ις

191 2327 236 2372 ex
259 2306 440 2372 Voluseno
463 2307 686 2392 cognovisset
709 2318 743 2372 et
766 2328 854 2390 quae
876 2306 950 2371 fieri
971 2307 1073 2372 vellet
1095 2305 1258 2382 ostendit,

191 2417 409 2502 monuitque,
427 2426 465 2482 ut
483 2423 532 2482 rei
550 2416 705 2481 militaris
722 2415 822 2493 ratio,
840 2413 993 2481 manime
1011 2425 1048 2481 ut
1067 2414 1259 2481 maritimae

192 2534 246 2593 res
280 2528 508 2611 postularent,
544 2537 580 2592 ut
617 2547 706 2610 quae
741 2526 887 2591 celerem
923 2536 1027 2608 atque
1062 2525 1259 2590 instabilem

192 2644 328 2703 matum
354 2636 532 2712 haberent,
557 2635 748 2701 adnutum
772 2644 805 2700 et
829 2635 871 2700 ad
896 2644 1035 2718 tempus
1059 2639 1181 2700 omnes
1205 2640 1259 2699 res

192 2748 310 2814 abeis
336 2745 668 2823 administrarentur.
722 2743 790 2808 His
816 2743 965 2808 dimissis
992 2755 1026 2810 et
1053 2753 1197 2810 ventum
1224 2754 1257 2808 et
1279 2773 1311 2810 20

191 2870 325 2922 aestum
348 2862 419 2921 imo
441 2868 600 2938 tempore
622 2863 745 2919 nactus
767 2853 970 2930 secundum,
993 2852 1076 2919 dato
1099 2859 1201 2937 signo
1224 2861 1258 2918 et

192 2966 334 3031 sublatis
354 2971 501 3041 ancoris,
523 2963 658 3029 circiter
677 2963 770 3028 milia
790 2983 954 3046 passuum
975 2949 1032 3027 vn
1052 2961 1096 3028 ab
1117 2968 1159 3028 eo
1179 2963 1259 3027 loco

190 3080 407 3159 progressus,
427 3079 549 3157 aperto
569 3079 608 3139 ac
628 3073 733 3157 plani)
752 3073 853 3138 litore
873 3078 978 3138 naves
998 3071 1188 3138 constituit.

487 3261 546 3316 The
557 3261 695 3315 Brt'tains
706 3262 790 3313 resisl
801 3276 821 3311 a
833 3259 965 3332 landttgr.

259 3389 305 3455 At
319 3389 465 3464 barbari,
480 3387 625 3453 consilio
641 3388 884 3452 Romanorum
898 3385 1052 3471 cognito,
1068 3385 1258 3469 praemissa
1277 3399 1320 3466 24

189 3499 346 3584 equitatu
362 3510 396 3565 ct
412 3497 602 3574 essedariis,
618 3503 689 3581 qud
706 3498 910 3580 plerumque
926 3516 1053 3580 genere
1068 3494 1103 3559 in
1120 3495 1258 3579 proeliis
1279 3520 1309 3569 ες

190 3614 243 3674 itti
263 3615 487 3682 consuerunt,
510 3607 650 3690 reliquis
672 3606 781 3689 capiis
803 3607 980 3672 subsecuti
1002 3611 1141 3671 nostras
1165 3605 1258 3671 navi-

190 3717 256 3788 bus
277 3717 398 3802 egredi
421 3715 662 3800 prohibebant.
713 3715 796 3780 Erat
822 3716 867 3781 ob
892 3714 954 3780 has
977 3721 1097 3780 causas
1123 3735 1259 3782 summa

191 3825 376 3891 difficultas
403 3825 498 3909 quod
525 3831 631 3890 naves
657 3835 799 3908 propter
826 3823 1103 3908 magnitudinem
1132 3823 1196 3889 nisi
1223 3824 1258 3888 in

192 3935 264 4000 alto
290 3934 457 4000 constitui
481 3939 552 3998 non
579 3943 755 4016 poterant;
781 3932 949 3998 militibus
974 3943 1102 4011 autem,
1128 3937 1260 4017 ignotis
