3044 4442
257 358 317 420 116
643 359 756 413 BELLI
782 359 941 413 GALLlCl

253 535 334 601 ditis
347 543 388 602 ec
402 537 614 605 silvestribus
627 545 702 605 sese
716 538 911 605 occultabat
925 547 1030 623 atque
1045 543 1093 604 eis
1107 535 1320 622 regionibus,

254 645 380 728 quibus
393 652 457 711 nos
471 647 535 712 iter
548 646 700 713 facturos
713 653 939 732 cogneverat,
953 666 1079 730 pecora
1091 656 1195 730 atque
1209 644 1320 710 homi-

255 760 315 819 nes
340 775 384 820 ex
408 760 501 839 agris
525 755 560 819 in
585 757 686 821 silves
710 754 955 839 compellebat;
981 765 1014 821 et
1040 775 1120 820 cum
1144 754 1320 839 equitetus

254 875 374 928 noster
388 862 528 929 liberius
544 863 731 948 praedandi
747 863 974 948 vestandique
991 869 1093 929 cause
1110 869 1146 929 se
1163 863 1198 929 in
1216 871 1320 950 agres

221 995 234 1044 ς
254 970 459 1049 effunderet,
478 973 640 1037 omnibus
658 972 721 1038 viis
738 972 937 1056 semitisque
956 972 1146 1038 essedarios
1163 995 1208 1039 ex
1227 974 1320 1040 silvis

253 1080 445 1158 emittebat,
465 1091 499 1146 et
519 1086 649 1165 megno
668 1103 748 1147 cum
768 1083 923 1165 periculo
942 1088 1143 1149 nostrorum
1161 1084 1319 1167 equitum

253 1210 333 1255 cum
353 1189 406 1255 his
425 1189 637 1275 confligebat
655 1201 759 1275 atque
778 1190 845 1255 hoc
866 1196 961 1256 metir
981 1191 1082 1257 letius
1101 1198 1220 1277 vageri
1240 1213 1320 1276 pro·

252 1298 403 1364 bibebat.
454 1298 730 1383 Relinquebatur
753 1308 791 1364 ut
814 1320 928 1384 neque
950 1298 1090 1385 longius
1113 1302 1156 1366 ab
1179 1301 1318 1386 agmine

253 1409 432 1494 legionum
447 1407 578 1475 discedi
594 1408 719 1475 Caesar
733 1415 920 1493 pateretur,
935 1419 970 1474 et
985 1419 1121 1475 tantum
1137 1416 1229 1494 agris
1244 1416 1320 1476 ves·

204 1517 366 1582 rotandis
386 1516 623 1601 incendiisque
644 1515 808 1582 faciendis
828 1517 987 1583 hostibus
1008 1524 1191 1584 noceretur
1211 1539 1319 1602 quan-

253 1637 328 1691 tum
353 1625 388 1690 in
412 1626 531 1692 labore
554 1636 659 1710 atque
682 1624 805 1691 itinere
829 1626 1010 1711 legienerii
1034 1627 1159 1693 milites
1183 1626 1318 1693 efficere

254 1741 425 1817 poterant.

516 1838 544 1892 T
539 1836 575 1891 he
589 1837 781 1891 Trinouantes
792 1837 898 1892 nebmit
909 1843 938 1892 to
950 1838 1064 1893 Caesar.

193 1976 236 2029 20
323 1962 467 2028 Interim
482 1962 723 2042 TrinovanteS,
738 1985 847 2048 prope
862 1962 1057 2028 firmissima
1072 1969 1190 2029 cerum
1206 1964 1319 2048 regio-

254 2092 337 2135 num
356 2071 487 2150 civitas,
506 2094 549 2138 ex
567 2079 637 2156 que
655 2072 926 2139 Mandubracius
944 2073 1145 2138 adulescens
1165 2071 1319 2138 Caesaris

204 2209 232 2261 ¹5
254 2180 357 2246 fidem
376 2187 515 2248 secutus
533 2182 575 2247 ad
595 2203 676 2248 eum
695 2182 728 2246 in
748 2181 986 2247 continentem
1010 2179 1192 2264 [Galliam]
1216 2186 1318 2247 vene-

253 2300 315 2368 rat,
331 2329 379 2339 -
395 2291 493 2357 citius
509 2302 607 2376 pater
623 2291 657 2356 in
676 2297 716 2357 ee
732 2290 870 2356 civitete
887 2295 1036 2374 regnum
1054 2290 1252 2356 obtinuerat
1268 2289 1319 2355 in·

253 2400 486 2486 terfectusque
514 2414 586 2466 erat
613 2407 634 2467 e
662 2400 930 2477 Cassivellaune,
957 2399 1030 2483 ipse
1057 2399 1141 2484 luge
1167 2409 1318 2465 mortem

253 2517 431 2588 viteverat,
449 2549 496 2558 —
514 2512 650 2596 legatos
668 2510 711 2576 ad
732 2509 914 2576 Caesarem
934 2508 1076 2574 mittunt
1097 2508 1319 2594 pollicentur·

253 2642 320 2705 que
342 2627 417 2686 sese
438 2627 469 2686 ei
489 2620 669 2685 dedituros
690 2629 794 2702 atque
816 2618 984 2703 impereta
1005 2617 1171 2696 facturos;
1195 2627 1317 2703 petunt

202 2761 235 2797 20
254 2741 289 2795 ut
309 2729 599 2796 Mandubracium
615 2729 658 2794 ab
675 2727 798 2793 iniurie
816 2726 1062 2793 Cassivellauni
1079 2727 1252 2804 defendat,
1268 2737 1319 2793 at-

253 2861 320 2923 que
339 2839 373 2904 in
392 2838 568 2904 civitatem
588 2837 713 2913 mittat,
732 2842 793 2920 qui
811 2835 937 2921 praesit
956 2835 1209 2921 imperiumque
1229 2836 1319 2902 obti-

235 2927 343 3014 neat.
394 2948 461 3012 His
485 2947 610 3013 Caesar
632 2946 777 3030 imperat
801 2945 939 3011 obsides
964 2964 1013 3009 xL
1036 2945 1319 3029 frumentumque

252 3056 430 3133 exercitui,
452 3054 812 3138 Mandubraciumque
830 3054 873 3120 ad
893 3061 953 3121 ees
972 3055 1087 3120 mittit.
1138 3055 1192 3120 Illi
1211 3054 1319 3138 impe-

254 3174 327 3233 rata
353 3165 508 3231 celeriter
533 3163 698 3241 lecerunt,
726 3162 864 3229 obsides
889 3163 932 3246 ad
958 3184 1142 3230 numerum
1167 3163 1319 3230 frumen·
1427 3213 1430 3220 .

203 3308 233 3358 25
254 3288 399 3359 tumque
415 3279 592 3339 miserunt.

316 3477 407 3535 Other
418 3478 505 3533 tribes
507 3477 613 3550 follow
624 3476 703 3532 ther'r
714 3479 851 3549 example.
891 3479 919 3533 Α
934 3479 1049 3534 Brr'tt'sh
1063 3487 1079 3509 “
1090 3479 1262 3551 Oppidum?

195 3629 234 3684 21
324 3601 595 3669 Trinouantibus
611 3601 759 3668 delensis
775 3612 880 3686 atque
895 3602 938 3668 ab
954 3609 1050 3668 omni
1068 3605 1217 3670 militum
1234 3603 1320 3670 iniri-

254 3714 304 3780 rie
334 3711 518 3799 prohibitis
549 3710 767 3795 Cenimagni,
799 3710 1011 3796 Segontieci
1044 3712 1231 3790 Ancalites,
1265 3712 1321 3778 Bi-

255 3826 363 3902 broci,
391 3821 488 3890 Cassi
514 3820 747 3905 legetienibus
774 3819 886 3886 missis
912 3827 986 3886 sese
1012 3821 1150 3888 Caesari
1176 3823 1318 3889 dedunt.

255 3936 312 4001 Ab
328 3934 382 4000 his
397 3931 580 4019 cegnescit
596 3937 667 3998 nen
683 3931 789 4016 longe
805 3952 850 3996 ex
867 3936 909 3996 eo
927 3931 1005 3996 loce
1022 3931 1191 4015 oppidum
1210 3931 1321 3999 Cassi-
