3044 4442
514 349 630 404 tisun
657 352 691 406 v.
718 352 801 406 cnr.
828 348 941 420 36-39.
1205 364 1263 434 127

194 532 323 598 villum
338 530 478 615 pidicit;
493 530 565 614 ipse
580 536 644 615 pri)
659 537 779 597 castris
794 529 980 597 fortissime
995 537 1156 616 pugnans
1171 535 1262 597 occi-

195 641 298 706 ditur.
341 640 395 704 Illi
411 646 515 727 aegre
530 642 573 706 ad
591 649 735 707 noctem
752 640 1056 728 oppugnatic'mem
1073 640 1262 718 sustinent;

196 760 298 814 nocte
319 749 363 814 ad
384 754 493 815 imum
514 755 636 815 omnes
656 749 838 833 disperiti
859 750 970 814 salute
989 753 1026 813 se
1048 748 1112 832 ipsi
1134 746 1262 812 interfi-

196 859 301 924 ciunt.
352 858 459 923 Pauci
481 879 526 923 ex
550 858 683 942 proelii>
706 859 813 942 elipsi
837 857 1178 924 incertisitineribus
1202 877 1263 940 per

196 968 297 1033 silvis
317 967 361 1032 ad
380 967 420 1034 T.
444 966 639 1032 Labienum
660 968 815 1052 legatum
837 967 871 1032 in
892 966 1036 1032 hiberna
1056 965 1261 1050 perveniunt
1281 991 1294 1040 ς

195 1088 300 1160 atque
320 1097 401 1142 eum
422 1077 466 1142 de
487 1078 589 1142 rebus
610 1083 718 1161 gestis
739 1076 923 1142 certidrem
944 1074 1084 1141 faciunt.

313 1248 469 1303 Ambiorix
480 1249 598 1302 t'nduces
608 1247 657 1303 the
666 1249 814 1303 Atuatuci
823 1249 886 1302 and
894 1248 1007 1302 Nervii·
1015 1253 1044 1302 to
1055 1248 1153 1302 revolt.

266 1359 343 1425 Hic
366 1359 513 1425 victdrii
534 1361 692 1426 sublitus
712 1359 900 1426 Ambiorix
921 1359 1043 1426 statim
1065 1381 1145 1425 cum
1166 1358 1261 1444 equi·
1278 1361 1321 1439 38

196 1473 271 1533 titii
294 1468 328 1532 in
351 1469 558 1546 Atuatuccis,
581 1474 640 1552 qui
662 1479 759 1534 erant
781 1469 855 1533 eius
877 1474 988 1552 regni)
1011 1467 1160 1545 imitimi,
1183 1479 1274 1552 pro-'

197 1576 369 1654 ficiscitur,
392 1598 504 1661 neque
526 1587 666 1642 noctem
688 1597 801 1661 neque
823 1577 914 1642 diem
936 1576 1145 1654 intermittit,
1168 1575 1262 1660 pedi-

195 1691 376 1769 titumque
394 1692 430 1751 se
448 1687 612 1769 subsequi
630 1685 735 1751 iubet.
785 1685 838 1750 Re
856 1685 1094 1750 demimstrz'ttit
1114 1685 1262 1750 Atuatu-
1282 1710 1313 1747 ιο

196 1799 313 1878 cisque
331 1794 524 1870 concitatis,
543 1800 684 1878 posteri)
702 1793 759 1859 die
775 1792 810 1858 in
830 1793 862 1858 N
866 1793 978 1859 eruitis
997 1794 1163 1878 pervenit,
1183 1794 1262 1858 hor-

197 1910 357 1987 titurque
373 1911 417 1971 ne
431 1910 484 1970 sui
498 1905 532 1969 in
548 1916 756 1990 perpetuum
772 1904 939 1970 liberandi
955 1914 1059 1989 atque
1076 1903 1262 1969 ulciscendi

198 2013 378 2079 Rdmimds
401 2019 466 2098 pri>
488 2021 537 2080 eis
559 2021 645 2098 quis
667 2013 863 2098 acceperint
886 2013 1018 2079 iniuriis
1041 2012 1260 2078 occisidnem

196 2122 382 2188 dimittant.
433 2123 638 2189 Interiectus
661 2144 735 2188 esse
757 2124 894 2207 legitds
916 2122 1005 2188 ducis
1027 2128 1261 2206 magnamque

196 2240 329 2315 partem
345 2231 518 2297 exercitiis
533 2232 689 2297 interisse
704 2232 935 2308 demc'mstrat3
952 2230 1034 2296 nihil
1052 2251 1124 2296 esse
1142 2235 1262 2314 negriti
1283 2249 1311 2300 15

195 2340 311 2407 subiti)
330 2361 532 2424 oppressam
550 2340 724 2425 legiimem
743 2361 928 2424 quaecum
947 2339 1115 2405 Cicen‘me
1134 2339 1262 2404 hiemet

195 2449 357 2526 interfici;
379 2456 415 2516 se
435 2448 478 2515 ad
499 2469 575 2514 eam
596 2469 668 2514 rem
689 2447 873 2532 profitetur
893 2447 1098 2513 adiutcirem.
1149 2447 1263 2513 Facile

195 2560 259 2625 hic
276 2561 435 2626 dritic'me
452 2557 589 2623 Nerviis
605 2557 799 2642 persuidet.

466 2729 577 2786 Attack
587 2746 622 2783 on
634 2729 683 2783 the
693 2732 778 2800 camp
789 2730 825 2802 os
835 2730 869 2800 Q.
887 2731 992 2785 Ct'cero.

265 2838 388 2924 Itaque
421 2838 604 2905 cc'miestim
636 2838 785 2903 dimissis
818 2838 947 2903 nuntiis
980 2838 1022 2904 ad
1057 2838 1261 2916 Ceutronis,
1279 2867 1322 2934 39

196 2946 358 3025 Grudids
377 2949 544 3024 Levacds,
562 2949 799 3025 Pleumoxitis,
818 2948 1044 3026 Geidumnt'm,
1064 2955 1123 3032 qui
1140 2954 1263 3014 omnis
1281 2983 1314 3020 20

195 3056 258 3122 sub
279 3063 400 3123 ebrum
421 3057 567 3142 imperii>
588 3067 681 3135 sunt,
703 3079 807 3143 quam
829 3058 999 3124 miximis
1020 3068 1166 3141 possunt
1191 3079 1260 3122 ma-

195 3171 261 3230 nus
274 3172 420 3251 etigunt,
436 3178 469 3232 et
484 3167 527 3232 de
541 3166 731 3250 imprdvisr')
747 3167 790 3232 ad
805 3165 983 3233 Cicerdnis
998 3166 1141 3230 hiberna
1154 3166 1260 3231 advo-

198 3275 280 3350 lant,
306 3275 463 3341 ndndum
488 3274 530 3340 ad
555 3296 636 3340 eum
662 3275 753 3340 uma
778 3275 821 3341 de
844 3274 958 3340 Tituri
983 3285 1095 3340 morte
1121 3274 1262 3358 perliti.

199 3382 293 3448 Huic
316 3405 456 3466 quoque
480 3382 615 3460 accidit,
639 3383 735 3467 quod
759 3382 823 3448 fuit
847 3405 998 3458 necesse,
1022 3394 1059 3448 ut
1085 3389 1155 3448 nim
1179 3382 1263 3447 nulli

197 3491 333 3568 mi1ites‚
360 3498 420 3576 qui
445 3491 646 3576 lignitic'mis
673 3491 945 3576 munitidnisque
971 3498 1075 3558 causi
1099 3491 1134 3556 in
1161 3491 1263 3557 silvis
1281 3527 1311 3576 25

195 3601 441 3678 discessissent,
463 3608 646 3686 repentini)
666 3601 824 3685 equitum
846 3602 997 3667 adventii
1020 3600 1263 3685 interciperen—

195 3722 261 3776 tur.
312 3711 379 3776 His
401 3710 656 3786 circumventis,
678 3715 807 3794 magni
829 3716 934 3776 manu
957 3711 1152 3789 Eburdnes
1176 3709 1263 3776 Ner-

195 3819 253 3894 vii,
271 3819 439 3886 Atuatuci
456 3830 561 3902 atque
579 3819 705 3884 hdrum
724 3819 882 3884 omnium
901 3818 986 3884 socii
1004 3829 1038 3885 et
1058 3819 1200 3886 clientes
1216 3819 1263 3885 le·

196 3928 338 4014 gidnem
354 3933 559 4012 oppugnire
574 3925 753 4010 incipiunt.
805 3927 926 3992 Nostri
940 3927 1096 3994 celeriter
1110 3928 1153 3993 ad
1169 3949 1265 3994 arma
