3048 4444
267 372 327 448 184
646 371 759 423 BELLI
786 370 944 424 GALLICI

264 548 385 614 derent
403 569 614 634 omnemque
633 549 762 616 Galliae
781 549 927 614 saltitem
945 549 980 614 in
999 548 1057 615 illo
1076 550 1225 639 vestigio
1244 561 1329 616 tem·

265 657 358 741 poris
377 657 527 742 positam
547 658 809 738 arbitrrirentur3
829 657 952 724 accidit
973 659 1246 742 inspectantibus
1267 665 1329 724 no-

264 766 316 831 bis
336 766 430 849 quod
452 766 599 850 dignum
622 767 789 833 memoria
810 773 923 832 visum
945 767 1235 851 praetereundum
1257 775 1329 833 non

265 874 549 941 existimavimus

230 1007 244 1056 5
333 982 486 1067 Quidam
504 995 584 1049 ante
603 993 741 1067 portam
759 984 878 1068 oppidi
898 984 1016 1051 Gallus
1034 1006 1095 1069 per
1113 991 1236 1050 mamis
1254 985 1326 1051 sebi

263 1099 303 1159 ac
315 1091 399 1176 picis
411 1092 554 1158 traditas
567 1093 687 1177 glebas
699 1091 864 1178 inignem
877 1099 896 1158 ἐ
909 1093 1051 1177 regione
1066 1093 1168 1158 turris
1183 1092 1327 1177 proicie-

264 1202 337 1280 bat;
361 1201 544 1293 scorpione
566 1201 609 1265 ab
632 1201 737 1266 latere
760 1201 886 1266 dextro
909 1201 1072 1266 traiectus
1095 1202 1328 1267 exanimatus-

263 1331 330 1395 que
346 1309 507 1375 concidit.
559 1309 665 1374 Hunc
682 1332 726 1375 ex
742 1309 911 1393 proximis
928 1315 1016 1374 unus
1033 1309 1202 1375 iacentem
1220 1317 1328 1376 trans-

262 1440 402 1505 gressus
421 1418 546 1484 eodem
566 1419 624 1484 illd
645 1423 787 1484 munere
808 1418 1033 1503 fungebatum
1053 1419 1175 1483 eadem
1195 1418 1328 1485 ratione

214 1556 245 1593 ιο
265 1529 335 1593 ictu
363 1527 557 1612 scorpionis
585 1527 784 1593 exanimato
812 1528 921 1592 altero
950 1527 1114 1592 successit
1144 1527 1265 1593 tertius
1294 1539 1327 1594 et

261 1636 364 1702 tertii)
394 1647 548 1721 quartus,
578 1657 641 1702 nec
671 1637 765 1720 prius
794 1636 848 1702 ille
878 1646 930 1701 est
959 1643 979 1702 a
1009 1637 1328 1720 propugnittOribus

261 1767 390 1812 vacuus
422 1748 561 1812 relictus
590 1748 697 1823 iocus,
730 1767 834 1830 quam
867 1753 1032 1822 restincto
1063 1767 1193 1831 aggere
1224 1757 1327 1830 atque

261 1862 357 1921 omni
395 1867 491 1940 parte
527 1856 699 1920 submritis
735 1855 905 1932 hostibuS,
944 1855 1021 1920 nnis
1058 1865 1109 1920 est
1148 1855 1327 1940 pugnandi

261 1965 379 2031 factus

276 2120 446 2189 Preparr'tg
463 2125 492 2173 to
509 2119 640 2172 abandon
659 2118 707 2172 the
724 2122 788 2189 city,
808 2118 856 2171 tlte
873 2118 1022 2189 desenders
1041 2135 1093 2172 are
1110 2119 1265 2172 dissuaderi
1279 2119 1312 2190 ay

705 2207 753 2260 tlte
769 2222 884 2260 women.

200 2317 244 2384 26
334 2318 464 2386 Omnia
491 2327 626 2404 experti
655 2320 753 2397 Galli,
782 2320 876 2404 quod
906 2326 958 2385 res
986 2320 1079 2384 nulla
1106 2330 1327 2395 successerat,

263 2434 405 2512 postero
430 2428 486 2495 die
511 2429 694 2495 consilium
721 2435 888 2513 cepirunt
913 2452 957 2494 ex
984 2428 1115 2513 oppido
1142 2426 1327 2512 profugere

261 2537 423 2602 hortante
440 2548 474 2603 et
491 2537 631 2604 iubente
649 2539 950 2624 Vercingetorige.
1002 2537 1041 2602 Id
1061 2537 1197 2603 silentii)
1216 2537 1328 2602 noctis

262 2653 379 2712 conati
397 2653 469 2712 non
489 2653 618 2733 magnai
637 2647 769 2713 iactura
788 2654 931 2712 suorum
951 2653 1025 2712 sese
1045 2646 1232 2712 effecturos
1252 2651 1327 2729 spe-

262 2758 398 2834 raibant;
420 2763 605 2840 propterea
625 2757 720 2842 quod
742 2777 854 2840 neque
874 2756 980 2839 longe
1000 2755 1043 2819 ab
1065 2753 1195 2838 oppido
1217 2764 1328 2818 castra

210 2893 244 2929 20
261 2855 562 2950 Vercingetorigis
580 2866 732 2942 aberant,
752 2875 786 2930 et
804 2865 901 2947 palus
920 2874 1097 2947 perpetua,
1117 2883 1205 2946 quae
1224 2861 1327 2926 inter·

260 2974 414 3050 cedebat,
434 2975 614 3040 Romanos
632 2975 673 3040 ad
692 2972 945 3056 insequendum
964 2972 1131 3037 tardabat.
1183 2971 1327 3053 Iamque

260 3083 327 3148 hoc
348 3083 459 3148 facere
480 3089 587 3149 noctu
608 3084 831 3167 apparabant,
854 3102 934 3146 cum
956 3086 1084 3145 matres
1105 3079 1251 3146 familiae
1274 3100 1325 3144 re-

262 3203 365 3275 pente
393 3192 426 3256 in
455 3192 632 3276 publicum
659 3196 906 3275 procurrerunt
935 3188 1125 3273 flentesque
1153 3190 1326 3272 proiectae

262 3302 304 3366 ad
324 3302 429 3385 pedes
448 3307 592 3367 suorum
611 3299 772 3364 omnibus
792 3299 951 3383 precibus
970 3298 1155 3382 petierunt,
1175 3304 1218 3362 ne
1238 3304 1326 3362 sect

212 3433 241 3483 25
261 3416 466 3476 communes
495 3411 621 3475 liberos
651 3407 809 3474 hostibus
839 3408 882 3473 ad
912 3406 1120 3491 supplicium
1150 3405 1327 3483 dederent,

108 3499 110 3504 ¹
261 3527 351 3604 quos
368 3519 410 3585 ad
429 3517 632 3603 capiendam
651 3516 771 3602 fugam
789 3522 931 3582 natiuae
950 3528 983 3582 et
1002 3517 1127 3582 virium
1145 3515 1327 3581 infirmitas

261 3629 452 3713 impediret.
514 3627 585 3695 Ubi
615 3633 675 3694 eris
704 3627 739 3692 in
769 3626 941 3692 sententia
971 3633 1123 3709 perstare
1154 3624 1325 3699 viderunt,

262 3738 356 3821 quod
380 3739 584 3822 plerumque
607 3736 642 3802 in
665 3740 803 3801 summo
828 3735 981 3819 periculo
1005 3735 1111 3800 timor
1134 3732 1324 3825 misericor-

263 3847 354 3912 diam
370 3854 441 3912 nim
457 3847 587 3931 recipit,
604 3847 821 3912 conclamire
837 3857 871 3911 et
886 3844 1081 3929 significare
1098 3845 1140 3909 de
1156 3843 1240 3928 fuga
1257 3843 1327 3908 Ro-

212 3979 245 4034 30
264 3961 374 4020 manis
396 3962 595 4040 coeperunt.
646 3955 729 4039 Quo
753 3953 878 4021 timore
901 3953 1072 4046 perterriti
1096 3951 1194 4030 Galli,
1219 3957 1262 4017 ne
1284 3951 1328 4026 ab
