3048 4444
261 347 319 414 188
644 345 756 402 BELLI
783 346 941 404 GALLICI

259 535 330 594 sive
351 549 432 594 eum
452 549 497 594 ex
518 527 702 613 paludibus
722 529 884 612 silvisque
904 529 1027 596 elicere
1048 532 1120 596 sive
1141 525 1323 595 obsidiene

259 658 414 722 premere
438 648 566 722 posset,
591 639 697 723 legisti
722 638 764 704 ad
790 659 869 704 eum
895 638 1067 723 principes
1093 638 1324 704 Haeduerum

258 747 401 814 veniunt
417 754 567 826 eretum,
583 759 622 814 ut
637 748 790 814 mexime
806 748 1000 814 necessarie
1017 759 1176 832 tempore
1193 748 1324 815 civiteti

258 857 453 923 subveniat:
469 857 616 925 Summe
631 879 705 924 esse
719 857 754 923 in
768 859 922 942 periculc')
936 879 1021 936 rem,
1037 857 1143 941 quod,
1159 879 1239 923 cum
1255 858 1322 923 sin-

225 995 238 1044 5
259 967 332 1051 guli
352 967 576 1052 magistratus
595 967 786 1051 antiquitus
806 972 913 1033 creeri
932 977 1037 1051 atque
1056 966 1189 1052 regiam
1210 978 1323 1050 potes-

259 1081 366 1142 tetem
390 1097 519 1142 annum
543 1077 700 1142 obtinere
724 1082 961 1152 censuessent‚
985 1075 1057 1141 duo
1081 1075 1324 1161 magistratum

258 1195 392 1269 gerant,
422 1196 456 1250 et
487 1191 523 1250 se
554 1196 699 1269 uterque
729 1191 851 1250 ebrum
871 1184 1005 1270 legibus
1035 1191 1190 1250 creatum
1221 1184 1322 1250 dicat.

259 1293 399 1359 Herum
417 1315 491 1360 esse
508 1294 655 1360 alterum
675 1293 999 1371 Convictolitavem,
1019 1293 1202 1359 flerentem
1220 1305 1253 1359 et
1273 1294 1323 1359 in-

257 1404 399 1468 lustrem
414 1402 686 1481 adulescentem;
701 1403 848 1468 alterum
865 1401 1006 1479 Cotum,
1023 1402 1261 1486 antiquissime
1276 1402 1322 1467 ia·

209 1543 240 1578 10
258 1512 352 1578 milia
370 1518 502 1589 netum,
520 1523 625 1595 atque
642 1511 757 1596 ipsum
775 1511 953 1576 hominem
973 1532 1129 1577 summae
1148 1511 1324 1596 potentiae

257 1632 291 1687 et
306 1628 454 1706 megnae
468 1620 700 1706 cegnatienis,
716 1620 813 1686 cuius
828 1620 932 1686 freter
946 1620 1145 1686 Valetiacus
1161 1620 1323 1704 proxime

258 1737 351 1796 anne
379 1730 528 1796 eundem
557 1729 802 1814 magistratum
830 1728 985 1814 gesserit.
1035 1728 1221 1796 Civitatem
1249 1750 1323 1794 esse

258 1860 399 1904 omnem
419 1839 454 1903 in
475 1844 588 1916 armis,
609 1833 758 1902 divisum
780 1843 951 1914 senetum,
972 1838 1122 1902 divisum
1142 1837 1322 1921 populum,

258 1952 337 2011 sues
358 1945 526 2028 cuiusque
548 1950 669 2010 cerum
692 1944 876 2010 clienteles.
927 1943 1034 2028 Quod
1056 1949 1084 2009 si
1105 1943 1235 2009 diutius
1256 1944 1322 2008 ale·

259 2163 365 2247 fligat.
416 2163 456 2228 ld
478 2168 521 2228 ne
541 2161 675 2228 accidat
695 2161 849 2246 positum
869 2161 903 2226 in
924 2160 998 2226 eius
1019 2159 1198 2243 diligentie
1218 2170 1322 2243 atque

255 2272 472 2338 aucteritete.

429 2485 477 2539 He
487 2501 557 2555 goes
574 2486 607 2538 in
620 2488 725 2555 person
744 2481 807 2536 and
821 2481 930 2536 decides
947 2481 995 2535 tlte
1012 2483 1147 2550 question.

196 2636 240 2701 33
329 2618 454 2685 Caesar
472 2624 536 2683 etsi
553 2624 573 2684 e
592 2617 683 2682 belle
701 2628 805 2701 atque
824 2616 925 2681 hoste
944 2614 1120 2680 discedere
1138 2614 1323 2678 detrimen-

258 2733 375 2792 tc'isum
391 2749 465 2793 esse
481 2726 713 2804 exIstimabat,
731 2737 846 2792 tamen
864 2730 934 2789 nen
950 2727 1117 2806 ignerens
1134 2732 1263 2804 quanta
1278 2742 1323 2786 ex

206 2865 239 2902 πο
258 2836 529 2902 dissensienibus
552 2835 776 2901 incommoda
798 2839 879 2899 orIri
902 2836 1139 2905 censuessent,
1162 2835 1205 2894 ne
1227 2839 1323 2895 tanta

259 2958 292 3012 et
316 2958 387 3012 tam
410 2944 597 3010 coniuncta
621 2944 752 3028 popule
778 2943 940 3006 Remenc')
964 2938 1096 3014 ciViteS,
1121 2957 1225 3021 quam
1250 2938 1323 3021 ipse

257 3076 393 3139 semper
409 3053 549 3119 aluisset
567 3052 799 3134 omnibusque
816 3050 919 3114 rebus
937 3053 1104 3123 ernesset,
1123 3045 1165 3111 ad
1185 3045 1256 3110 vim
1273 3056 1322 3111 at-

258 3187 324 3248 que
348 3185 441 3229 arma
463 3163 698 3236 descenderet,
721 3170 825 3242 atquc
846 3179 886 3223 ea
908 3176 986 3241 pars
1010 3175 1098 3238 quae
1121 3153 1235 3218 minus
1260 3153 1322 3217 sibi

255 3272 446 3338 confideret
465 3270 593 3337 auxilia
610 3275 631 3335 e
647 3267 940 3352 Vercingetorige
959 3273 1156 3342 arcesseret,
1176 3261 1257 3327 huic
1276 3269 1321 3326 rei

207 3412 237 3460 25
259 3383 547 3467 praevertendum
570 3379 796 3456 existimavi&
820 3388 854 3444 et
877 3376 972 3461 quod
996 3375 1132 3460 legibus
1157 3373 1324 3438 Haedus)-

259 3515 335 3558 rum
362 3499 409 3559 eis
435 3499 494 3576 qui
521 3512 697 3558 summum
723 3486 969 3575 magistratum
996 3486 1195 3552 obtinerent
1224 3489 1321 3550 exce-

259 3605 340 3670 dere
356 3625 399 3668 ex
417 3603 544 3668 finibus
560 3608 632 3667 nen
649 3601 777 3676 liceret,
795 3598 936 3683 nequid
954 3597 998 3662 de
1014 3596 1088 3660 iure
1106 3605 1165 3660 aut
1183 3596 1226 3660 de
1242 3591 1334 3688 legi·¹

259 3714 323 3778 bus
341 3719 461 3778 cerum
481 3710 690 3778 deminuisse
708 3709 893 3784 uideretur,
913 3707 985 3790 ipse
1003 3704 1037 3768 in
1058 3703 1229 3769 Haedues
1247 3722 1324 3784 pro-

259 3821 364 3887 ficisci
380 3820 509 3898 statuit,
526 3825 754 3901 senetumque
770 3836 910 3881 omnem
925 3825 960 3880 et
976 3818 1065 3896 ques
1080 3811 1170 3877 inter
1186 3811 1322 3875 contre-

209 3961 241 4010 30
261 3930 370 3996 versia
391 3941 479 3997 esset
500 3930 542 3996 ad
564 3935 600 3994 se
622 3924 803 3992 Decetiam
824 3922 991 3988 evocevit.
