3014 4452
220 356 283 404 210
609 345 722 397 BELLl
749 345 908 398 GALLlCl

224 518 357 584 idoneis
383 527 481 604 equis
507 522 707 602 utebantur,
735 530 755 590 e
781 522 930 589 tribirnis
956 523 1108 588 mi1itum
1134 521 1287 607 reliquis-

225 650 292 713 que
320 629 494 714 equitibus
525 632 693 698 Remenis
721 644 828 718 atque
856 638 1013 699 evocetis
1042 638 1151 717 eques
1180 629 1286 697 stimit

225 738 475 825 Germanisque
500 741 688 807 distribuit.

248 885 467 955 Vercingetorix
486 901 571 956 urges
588 885 637 940 the
656 886 751 944 Gallic
768 887 888 958 cavalry
905 893 934 941 to
951 887 1050 941 attack
1067 887 1115 940 tlte
1132 885 1266 940 Romans.

162 999 205 1066 66
294 995 442 1072 Interee,
458 995 543 1060 dum
559 996 643 1061 haec
659 1008 840 1081 geruntur,
856 997 1011 1062 hostium
1028 996 1148 1080 cepiae
1165 1017 1209 1060 ex
1225 995 1290 1060 Ar-

189 1133 202 1180 5
225 1111 348 1184 vernis,
367 1107 571 1191 equitesque
590 1113 650 1191 qui
668 1113 734 1172 teti
753 1106 883 1173 Galliae
901 1117 998 1172 erant
1018 1107 1188 1190 impereti,
1207 1126 1290 1170 con-

224 1217 376 1281 veniunt.
427 1217 563 1301 Magne
586 1217 713 1281 herum
735 1223 860 1282 coecte
882 1222 1040 1294 numere,
1063 1236 1142 1281 cum
1165 1215 1290 1281 Caesar

223 1324 258 1390 in
276 1324 456 1409 Sequanes
473 1347 534 1410 per
550 1331 728 1391 extremes
746 1325 950 1410 Lingonum
968 1325 1054 1391 fines
1071 1325 1136 1390 iter
1153 1325 1289 1402 iaceret,

224 1441 294 1519 que
315 1434 446 1500 lacilius
466 1435 658 1501 subsidium
679 1434 878 1518 previnciae
898 1435 986 1501 ferre
1006 1443 1134 1518 posset,
1156 1433 1290 1498 circiter

225 1545 318 1610 milia
340 1566 504 1629 passuum
528 1564 552 1609 x
575 1546 618 1610 ab
643 1544 813 1609 Remenis
836 1550 934 1609 trinis
958 1549 1077 1608 castris
1101 1542 1290 1627 Vercinge-

175 1685 205 1720 ιο
224 1660 317 1720 torix
342 1655 511 1732 censedit,
536 1660 808 1737 convocatisque
833 1653 876 1718 ad
901 1652 1084 1718 censilium
1110 1650 1289 1735 praelectis

223 1764 381 1849 equitum
400 1763 533 1831 venisse
553 1776 692 1849 tempus
712 1763 880 1829 victeriae
900 1762 1130 1829 demenstrat:
1152 1761 1288 1846 Fugere

225 1875 259 1939 in
277 1874 491 1958 previnciam
511 1874 691 1940 Remenes
711 1872 890 1956 Galliaque
909 1871 1092 1949 excedere;
1111 1870 1145 1934 id
1165 1869 1227 1934 sibi
1246 1868 1288 1934 ad

224 1997 440 2069 praesentem
455 1985 681 2051 obtinendam
696 1986 893 2051 libertetem
909 1983 991 2048 satis
1006 2003 1094 2061 esse;
1110 1982 1153 2047 ad
1169 1981 1289 2064 reliqui

225 2094 391 2178 temporis
409 2101 530 2178 pecem
548 2105 652 2179 atque
672 2093 784 2160 etium
803 2114 926 2178 parum
946 2092 1083 2176 prefici;
1102 2091 1290 2156 meieribus

176 2233 204 2282 15
225 2205 317 2270 enim
331 2211 460 2270 coactis
475 2204 583 2288 copiis
597 2209 796 2270 reversurbs
810 2224 923 2286 neque
938 2202 1044 2267 finem
1059 2201 1209 2267 bellandi
1223 2200 1290 2265 iac-

225 2320 332 2379 tures.
382 2313 532 2379 Proinde
557 2314 592 2378 in
616 2314 757 2398 agmine
781 2312 969 2397 impedites
994 2311 1204 2377 adoriantur.
1253 2309 1290 2376 Si

225 2423 358 2507 pedites
376 2429 445 2488 suis
463 2423 631 2489 auxilium
649 2422 759 2489 lerant
778 2433 882 2506 atque
901 2422 936 2486 in
955 2428 997 2487 ee
1017 2432 1207 2498 morentur,
1226 2420 1291 2486 iter

226 2533 336 2598 lacere
357 2539 427 2599 nen
449 2554 565 2617 posse;
586 2540 624 2611 si,
646 2533 679 2598 id
701 2534 795 2618 quod
816 2533 929 2618 magis
950 2534 1105 2600 futurum
1126 2533 1290 2610 cenfidat,

225 2643 350 2708 relictis
363 2643 619 2727 impedimentis
632 2665 713 2710 suae
727 2645 827 2709 saluti
841 2647 1034 2725 consulant,
1049 2656 1083 2713 et
1097 2652 1162 2712 irsr'1
1176 2652 1290 2712 rerum

174 2781 206 2818 20
224 2752 543 2843 necessariarumoet
556 2753 727 2837 dignitate
741 2753 929 2836 spoliatum
942 2762 993 2822 iri.
1033 2755 1125 2821 Nam
1140 2755 1183 2820 de
1196 2755 1291 2840 equi-

225 2863 317 2928 tibus
333 2863 498 2940 hostium,
517 2869 599 2946 quin
618 2869 723 2928 neme
741 2870 864 2929 cerum
882 2867 1047 2951 progredi
1065 2867 1173 2932 modo
1192 2871 1291 2932 extre

225 2995 352 3058 agmen
375 2973 511 3050 audeat,
535 2978 578 3039 ne
601 2972 694 3056 ipses
717 2974 859 3058 quidem
882 2975 1008 3042 debere
1031 2976 1199 3042 dubitere.
1249 2975 1289 3040 Id

225 3089 295 3166 que
313 3082 443 3147 meiere
461 3080 587 3147 iaciant
606 3081 733 3161 anime,
754 3083 872 3168 cepias
890 3090 927 3150 se
945 3092 1067 3151 omnes
1084 3093 1149 3171 pre
1168 3091 1289 3152 castris

227 3191 424 3256 habilinum
451 3201 484 3256 et
511 3195 635 3255 terreri
659 3191 819 3258 hostibus
845 3193 1010 3259 luterum.
1061 3194 1290 3262 Conclamant

174 3331 204 3378 25
226 3301 359 3384 equites
386 3300 603 3366 sanctissimo
631 3301 704 3367 iure
731 3302 876 3369 irirande
904 3303 1103 3371 cenlirmeri
1129 3309 1292 3389 oportere

227 3417 270 3475 ne
286 3415 380 3475 tecte
397 3410 591 3494 recipietur,
609 3417 652 3476 ne
668 3410 710 3475 ad
728 3410 864 3487 liberes,
882 3419 926 3478 ne
941 3413 984 3478 ad
1001 3422 1171 3498 parentes,
1188 3420 1232 3481 ne
1249 3413 1291 3480 ad

226 3525 374 3585 uxerem
388 3519 520 3585 aditum
537 3521 671 3596 habeat,
688 3526 748 3603 qui
764 3527 835 3586 nen
850 3522 902 3587 bis
919 3545 979 3607 per
995 3545 1122 3609 agmen
1138 3524 1292 3590 hostium

226 3629 461 3714 perequiterit.

520 3715 578 3770 The
593 3715 693 3770 attack
709 3717 737 3770 is
753 3717 843 3778 made,
855 3719 906 3773 but
914 3721 1002 3791 farlr.

164 3829 208 3913 67
297 3828 451 3894 Probete
467 3831 503 3891 re
520 3836 624 3909 atque
641 3825 803 3894 omnibus
820 3829 862 3893 ad
880 3828 933 3895 iris
950 3828 1134 3896 iurandum
1151 3832 1293 3908 adiretis

229 3943 370 4025 postero
392 3936 448 4001 die
471 3934 505 3999 in
527 3941 597 4001 tres
620 3943 734 4020 partes
756 3936 943 4004 distribrite
966 3940 1122 4025 equitate
1146 3941 1235 4007 duae
1258 3945 1294 4006 se
