3000 4456
483 301 600 388 arnan
628 334 664 389 n.
691 333 774 390 cnr.
801 347 913 404 29—32.
1195 352 1236 420 59

162 513 382 582 machinetis>
406 520 426 580 a
453 520 555 579 tanto
583 513 697 599 spatio
724 513 983 582 institueretur:
1011 514 1234 600 Quibusnam

162 623 325 691 manibus
348 633 409 690 aut
433 623 559 708 quibus
582 623 721 702 viribus,
746 623 951 709 praesertim
974 623 1134 691 homines
1157 636 1232 692 tan-

163 734 259 800 tulae
277 738 442 812 staturae,
454 771 502 782 -
514 755 595 799 nam
614 734 819 819 plerumque
839 734 1002 801 omnibus
1023 734 1130 802 Gallis
1151 757 1233 820 prae

161 842 408 928 magnitirdine
435 863 623 927 corporum
650 849 794 910 suerum
822 843 974 910 brevitas
1003 855 1121 912 nostra
1150 867 1233 912 con-

161 959 317 1038 temptui
333 962 397 1032 est,
410 991 458 1001 -
484 959 577 1019 tanti
593 953 707 1020 oneris
725 953 849 1020 turrim
865 953 901 1032 in
919 959 1020 1021 muro
1038 961 1113 1023 sese
1130 976 1232 1041 posse
1252 981 1264 1030 5

161 1062 347 1129 conlocare
368 1062 606 1129 confiderent?

349 1227 392 1280 At
403 1226 501 1298 lnrgth
515 1230 548 1282 in
561 1229 659 1281 alarm
671 1227 737 1298 they
747 1229 820 1298 ψ
831 1234 860 1283 to
870 1230 1035 1285 surrender.

232 1340 303 1407 Ubi
322 1347 405 1407 vero
424 1347 557 1408 moveri
576 1353 612 1409 et
631 1342 910 1428 adpropinquare
929 1350 1037 1410 muris
1056 1344 1229 1424 viderunt,
1248 1364 1288 1428 31

160 1455 255 1515 nova
274 1459 381 1535 atque
403 1450 570 1518 inrisitete
591 1451 706 1536 specie
725 1459 898 1519 commoti
918 1455 1057 1540 legetos
1079 1454 1122 1520 ad
1145 1453 1230 1521 Cae-

162 1580 274 1626 sarem
297 1559 340 1626 de
363 1565 447 1644 pece
470 1567 648 1640 miserunt,
672 1568 731 1646 qui
753 1563 796 1628 ad
820 1563 913 1629 hunc
936 1564 1083 1630 modum
1105 1564 1233 1658 locuti:⁸

163 1669 247 1735 Nen
268 1675 305 1736 se
324 1669 526 1736 ex1stimere
550 1669 730 1738 Remenes
750 1671 823 1738 sine
844 1694 911 1758 ope
933 1673 1079 1739 deerum
1101 1673 1230 1739 bellum
1251 1701 1283 1739 ιο

160 1799 291 1865 gerere,
308 1785 369 1864 qui
384 1789 504 1846 tantae
520 1779 716 1849 altitudinis
733 1781 1010 1848 machinetienes
1026 1789 1128 1848 tanta
1145 1783 1230 1849 cele·

160 1889 267 1955 ritate
283 1894 491 1974 promovere
508 1902 667 1975 possent;
685 1897 722 1957 se
741 1912 872 1975 suaque
890 1891 1008 1957 omnia
1026 1899 1148 1959 eorum
1168 1913 1229 1976 po-

162 2005 286 2066 testeti
308 2000 510 2084 permittere
533 2001 708 2067 dixerunt.
757 1981 879 2067 Unum
903 2011 1021 2086 petere
1044 2007 1084 2067 ec
1109 2001 1229 2085 depre-

160 2114 245 2175 ceri:
262 2115 291 2174 si
306 2109 398 2175 forte
414 2115 477 2194 pro
492 2116 555 2176 sua
570 2110 754 2177 clementie
769 2117 809 2176 ac
827 2110 1105 2189 mensuetudine,
1124 2129 1229 2194 quam

160 2217 226 2303 ipsi
242 2219 286 2284 ab
302 2219 376 2286 aliis
393 2220 564 2298 audirent,
584 2219 764 2286 statuisset
782 2219 984 2287 Atuatucos
1001 2241 1075 2286 esse
1091 2225 1228 2285 censer·
1250 2244 1278 2292 ις

159 2328 305 2409 vandos,
321 2335 365 2395 ne
381 2335 417 2395 se
432 2336 536 2396 armis
551 2329 769 2414 despoliaret.
810 2329 883 2396 Sibi
899 2335 1022 2395 omnes
1037 2327 1108 2394 iere
1123 2327 1228 2394 finiti-

161 2445 240 2505 mes
256 2461 330 2506 esse
346 2438 507 2506 inimices
524 2446 564 2506 ec
583 2461 665 2506 suae
683 2439 807 2505 virtuti
826 2438 994 2517 invidere;
1013 2437 1175 2524 equibus
1193 2444 1229 2504 se

159 2548 345 2615 defendere
360 2549 499 2615 traditis
514 2555 617 2614 armis
632 2555 702 2614 nen
718 2558 870 2634 possent.
910 2547 983 2614 Sibi
999 2553 1185 2633 praestare,
1203 2553 1230 2612 si

159 2658 195 2724 in
210 2680 291 2725 eum
305 2665 424 2726 cesum
438 2658 703 2737 deducerentur,
720 2663 878 2743 quamvis
892 2656 1072 2723 iortt'mam
1085 2663 1105 2722 a
1119 2675 1229 2741 popu-

161 2769 198 2834 Ιό
221 2768 385 2836 Romane
408 2775 479 2853 pati
501 2789 605 2852 quam
628 2769 671 2834 ab
695 2768 747 2833 his
771 2788 833 2852 per
855 2767 1047 2833 cruciatum
1071 2764 1227 2841 interfici,
1248 2786 1281 2823 20

158 2875 253 2943 inter
271 2883 360 2961 quos
379 2876 552 2942 dominari
572 2883 808 2944 consuessent.

337 3048 365 3101 Τ
360 3046 412 3118 hey
423 3046 634 3118 treachermcsly
644 3049 741 3101 retain
748 3051 824 3117 part
836 3047 871 3119 (γ’
879 3045 958 3100 their
969 3061 1065 3140 arnas..

229 3161 287 3228 Ad
306 3161 391 3229 haec
411 3161 539 3229 Caesar
557 3163 750 3248 respondit:
772 3161 817 3228 Se
840 3160 951 3246 magis
972 3159 1227 3226 censuetudine
1245 3167 1288 3233 32

158 3277 223 3336 sua
243 3293 348 3356 quam
372 3272 498 3338 merito
520 3278 643 3338 eorum
665 3272 842 3339 civitetem
865 3275 1165 3348 conservetfirum,
1188 3275 1226 3346 si,

158 3379 378 3466 priusquam
398 3388 537 3447 murum
557 3383 644 3448 aries
662 3381 845 3466 attigisset,
866 3385 902 3444 se
921 3376 1148 3454 dedidissent3
1169 3375 1228 3441 sed

158 3488 348 3555 deditionis
367 3491 496 3556 millam
515 3512 590 3556 esse
610 3489 853 3555 condicionem
873 3487 937 3553 nisi
957 3493 1062 3554 armis
1081 3485 1225 3552 traditis.
1247 3505 1278 3554 25

160 3597 207 3664 Se
232 3598 277 3676 id,
302 3599 397 3682 quod
423 3599 458 3664 in
484 3599 622 3665 Nerviis
646 3597 781 3664 iecisset
807 3596 978 3664 iacturum
1004 3595 1229 3679 finitimisque

157 3705 411 3790 imperetfirum
430 3715 473 3774 ne
490 3729 595 3793 quam
614 3706 784 3773 dediticiis
801 3706 922 3791 populi
941 3705 1093 3771 Romeni
1112 3701 1229 3768 iniuri-

157 3835 216 3882 am
231 3815 409 3883 inferrent.
452 3817 506 3884 Re
523 3815 724 3885 renuntiata
741 3817 785 3882 ad
803 3822 895 3894 sues
914 3836 1003 3900 quae
1020 3814 1228 3899 imperaren-

157 3935 216 3993 tur
233 3925 345 3993 iacere
363 3926 538 3994 dixerunt.
582 3926 774 3992 Armerum
793 3931 922 4011 megna
941 3921 1165 3989 multitudine
1184 3923 1228 3988 de
