3044 4442
531 375 649 428 LlssER
675 376 708 428 v.
735 375 819 429 cnr.
849 389 923 443 1-3.
1205 388 1261 454 105

193 554 294 619 nibus
315 552 507 619 rationibus
527 552 570 618 de
590 552 722 619 inisrriis
742 552 946 619 satisfacere.
994 553 1164 637 Percepte
1184 557 1260 618 era-

191 664 287 731 tione
306 669 430 730 eorum
450 661 577 729 Caesar
595 661 734 728 obsides
753 661 899 747 imperat
918 668 1048 747 eosque
1067 661 1111 728 ad
1130 671 1260 728 certam

192 773 285 840 diem
297 773 425 838 adduci
437 771 550 849 iubet;
575 771 639 837 nisi
653 771 703 837 ita
716 770 871 850 iecerint,
887 778 961 837 sese
976 771 1067 837 bello
1081 770 1259 838 civitatem

193 889 456 968 persecuturum
480 881 707 948 demonstrat.
758 881 818 946 Eis
841 881 884 947 ad
910 880 1003 948 diem
1026 880 1195 958 adductis,
1221 890 1259 946 ut

192 991 431 1077 impereverat,
448 991 596 1058 arbitros
613 989 703 1056 inter
718 989 876 1057 civitates
893 990 952 1056 dat
969 995 1029 1075 qui
1047 991 1142 1056 litem
1159 989 1260 1056 aesti-
1280 1022 1293 1071 ⁵

192 1114 288 1170 ment
307 1123 526 1187 poenamque
546 1099 770 1168 constituant.

232 1273 280 1328 He
290 1273 391 1328 orders
401 1273 450 1328 the
454 1274 525 1344 fleet
537 1279 566 1329 to
577 1273 709 1328 assemble
721 1278 754 1326 at
766 1272 874 1325 Portus
885 1271 971 1325 Itius.
1008 1271 1103 1325 Finds
1114 1271 1222 1326 trouble

472 1362 660 1434 threatem'ng
671 1377 777 1434 amoq&
788 1358 837 1413 the
852 1359 978 1413 Treviri.

262 1477 329 1544 His
361 1477 529 1544 coniectis
562 1479 665 1543 rebus
698 1474 997 1559 conventibusque
1031 1480 1190 1560 peractis,
1224 1475 1299 1542 in2

193 1587 388 1653 citeriorem
408 1586 553 1654 Galliam
573 1586 757 1653 revertitur
776 1596 880 1671 atque
902 1585 982 1650 inde
1002 1584 1045 1651 ad
1066 1584 1259 1651 exercitum

193 1696 431 1780 proficiscitur.
487 1696 542 1763 Εό
573 1717 654 1763 cum
684 1696 845 1773 venisset,
876 1693 1065 1762 circumitis
1096 1693 1259 1786 omnibus

194 1806 354 1884 hibernis,
378 1804 544 1892 singulari
568 1806 720 1872 mssitum
743 1806 861 1873 studio
883 1806 918 1872 in
941 1811 1078 1873 summa
1100 1805 1259 1871 omnium
1280 1833 1311 1870 ιο

194 1921 308 1981 rerum
330 1914 447 2000 inopie
468 1915 603 1982 circiter
623 1935 671 1983 Dc
691 1915 765 1983 eius
786 1916 934 2002 generis,
956 1915 1054 1982 cuius
1076 1921 1180 1999 supre
1201 1914 1259 1980 de-

191 2025 472 2103 monstravimus,
480 2031 585 2091 neves
599 2035 633 2093 et
647 2027 772 2112 longis
786 2045 913 2092 xxv111
928 2025 1060 2092 invenit
1072 2030 1259 2091 instructas

193 2155 304 2218 neque
323 2134 472 2200 multum
490 2135 611 2202 abesse
629 2136 672 2201 ab
691 2143 733 2202 εό
752 2142 835 2221 qum
855 2141 973 2221 paucis
992 2135 1115 2201 diebus
1133 2135 1259 2202 deduci

193 2242 336 2326 possint.
386 2242 612 2311 Conlaudetis
637 2245 803 2311 militibus
827 2256 931 2330 atque
955 2251 1004 2312 eis
1029 2251 1089 2330 qui
1113 2244 1259 2330 negotio

194 2350 422 2435 praefuerant,
448 2352 532 2436 quid
557 2353 630 2419 fieri
654 2354 735 2420 velit
761 2355 913 2421 ostendit
938 2365 1043 2439 atque
1069 2362 1191 2422 omnes
1213 2355 1257 2421 ad
1279 2383 1308 2433 15

192 2471 333 2545 portum
355 2460 461 2527 Itium
482 2468 669 2528 convenire
690 2462 796 2541 iubet,
818 2469 889 2547 que
911 2487 955 2531 ex
976 2471 1081 2550 portu
1102 2486 1258 2532 commo-

192 2569 372 2636 dissimum
403 2570 437 2635 in
470 2570 684 2636 Britanniam
713 2571 897 2638 traiectum
928 2595 1002 2640 esse
1033 2581 1258 2660 cognoverat,

194 2677 328 2744 circiter
354 2675 496 2744 mdium'
515 2701 680 2764 passuum
708 2699 788 2745 xxx
822 2681 1098 2769 [trensmissum]
1130 2691 1258 2751 acon-

196 2785 336 2865 tinenti;
362 2787 442 2854 huic
460 2795 509 2854 rei
526 2789 622 2873 quod
640 2789 725 2855 satis
743 2811 817 2857 esse
834 2797 946 2858 visum
965 2803 1017 2860 est
1037 2794 1189 2859 mditum
1208 2816 1258 2860 re-

192 2895 325 2980 linquit.
366 2897 445 2982 Ipse
461 2919 542 2963 cum
555 2897 752 2983 legienibus
767 2902 939 2986 expeditis
955 2921 1018 2967 1111
1034 2913 1069 2969 et
1084 2902 1258 2987 equitibus
1278 2931 1310 2968 20

193 3024 285 3072 nccc
302 3005 338 3070 in
356 3006 443 3072 fines
461 3005 694 3073 Treverorum
713 3009 953 3093 proficiscitur,
974 3011 1069 3095 quod
1091 3011 1126 3076 hi
1145 3032 1258 3095 neque

193 3114 236 3180 ad
265 3115 410 3182 concilia
437 3116 623 3183 veniebant
652 3138 765 3202 neque
793 3119 938 3205 imperio
967 3121 1144 3204 petebant,
1174 3120 1258 3188 Ger-

192 3230 384 3310 manosque
401 3223 687 3294 Transrhenenes
705 3228 889 3296 sollicitare
907 3230 1119 3298 dicebantur.

365 3393 460 3448 Rival
468 3393 562 3466 cht'es's
572 3395 608 3467 os
616 3395 664 3450 the
679 3395 801 3452 Treviri
809 3398 918 3469 appeal
925 3403 954 3452 to
967 3399 1081 3457 Caesar.

261 3502 361 3569 Haec
374 3504 495 3570 civitas
509 3506 615 3591 longe
630 3507 818 3591 plurimum
833 3514 942 3574 totius
957 3508 1086 3576 Galliae
1101 3509 1259 3595 equitetr'r
1277 3528 1299 3593 3

193 3611 283 3679 valet
307 3619 524 3699 megnesque
548 3615 652 3682 habet
676 3616 794 3702 copias
819 3617 987 3701 peditum,
1014 3619 1258 3704 Rhenumque,
1279 3649 1310 3698 25

193 3731 232 3786 ut
251 3729 354 3807 supra
373 3723 701 3803 demonstravimus,
724 3725 850 3812 tangit.
902 3727 943 3792 ln
964 3734 1004 3793 ea
1023 3729 1166 3797 civitate
1187 3731 1259 3797 duo

193 3829 236 3896 de
259 3831 454 3916 principetr'r
478 3832 568 3899 inter
589 3841 626 3900 se
648 3835 917 3915 contendebant,
942 3837 1202 3906 Indutiomarus
1224 3850 1260 3906 et

195 3937 417 4025 Cingetorix3
441 3963 486 4007 ex
511 3941 637 4026 quibus
660 3942 755 4021 alter,
781 3943 1011 4031 simulatque
1035 3946 1079 4013 de
1104 3947 1259 4015 Caesaris
