3044 4442
477 341 480 348 ·
522 344 639 399 uasa
666 345 699 400 v.
725 347 809 400 cna.
834 359 948 414 40-43.
1214 363 1273 431 129

203 530 286 590 neri.
346 523 496 590 Addunt
523 525 629 590 etiam
655 526 699 591 de
725 524 844 591 Sabini
870 536 999 604 morte;
1024 525 1269 612 Ambiorigem

203 644 386 701 ostentant
406 633 485 700 fidei
504 633 685 701 faciundae
704 641 816 701 cause.
867 634 991 701 Errure
1010 641 1069 701 eos
1088 635 1220 714 dicunt,
1240 641 1269 700 si

203 743 390 829 quicquam
411 743 455 809 ab
477 749 526 809 eis
548 743 695 828 praesidi
717 750 857 829 sperent
880 751 1031 829 quisuis
1053 745 1156 810 rebus
1178 743 1268 810 diffi-

203 854 303 932 dant;
325 859 399 919 sese
421 864 537 919 tamen
559 853 627 920 hoc
648 875 722 920 esse
743 853 778 918 in
802 853 1006 920 Ciceronem
1029 854 1268 940 populumque

204 963 403 1028 Romenum
422 961 539 1028 animo
559 974 599 1029 ut
619 962 702 1028 nihil
723 962 787 1029 nisi
806 964 949 1029 hiberna
969 969 1140 1042 recusent,
1161 974 1267 1048 atque
1287 989 1300 1038 ς

201 1071 291 1138 hanc
302 1071 553 1138 inveterascere
567 1071 858 1138 consuetudinem
872 1073 984 1138 nolint
994 1093 1001 1151 ;
1013 1071 1115 1138 licere
1129 1071 1194 1136 illis
1207 1093 1268 1156 per

202 1187 238 1247 se
254 1181 487 1248 incolumibus
503 1204 547 1247 ex
564 1181 716 1247 hibernis
733 1181 909 1248 discedere
926 1191 961 1248 et
979 1187 1215 1267 quoscumque
1232 1179 1267 1245 in

201 1297 315 1374 partes
328 1290 434 1356 velint
449 1289 521 1357 sine
535 1296 632 1356 metu
645 1289 827 1376 proficisci.
866 1290 989 1357 Cicero
1004 1291 1046 1356 ad
1061 1291 1145 1357 haec
1159 1296 1267 1360 unum

202 1399 308 1464 modo
328 1400 529 1484 respondet:
552 1399 633 1465 Non
653 1420 726 1464 esse
746 1399 1034 1465 consuetudinem
1056 1397 1176 1482 populi
1197 1398 1268 1464 Ro·
1305 1453 1307 1460 .

201 1514 294 1574 muni
307 1509 462 1592 accipere
475 1511 518 1574 ab
532 1509 632 1576 hoste
645 1514 779 1574 armuto
793 1507 1051 1586 condicionem;
1066 1514 1093 1572 si
1107 1509 1150 1573 ab
1163 1513 1267 1573 armis
1286 1539 1318 1575 ιο

200 1617 375 1683 discedere
391 1618 507 1694 velint,
523 1623 559 1683 se
573 1617 731 1683 adiutore
746 1623 889 1681 utantur
903 1613 1107 1700 legutosque
1122 1616 1165 1681 ad
1182 1615 1266 1683 Cae-

201 1747 312 1792 sarem
326 1726 480 1805 mittant;
494 1733 631 1810 sperare
645 1733 681 1791 se
696 1731 759 1810 pro
772 1725 846 1791 eius
859 1724 989 1790 iustitia
1003 1745 1091 1808 quae
1105 1724 1266 1810 petierint

200 1834 457 1920 impetreturos

554 1923 630 1993 They
641 1923 745 1994 best'ege
758 1921 807 1976 the
820 1924 911 1992 camp.

268 2031 324 2098 Ab
346 2032 411 2098 hec
431 2038 493 2116 spe
514 2033 641 2116 repulsi
664 2031 784 2097 Nervii
805 2031 896 2097 vello
918 2031 1046 2115 pedum
1070 2050 1094 2096 x
1116 2042 1151 2097 et
1171 2032 1265 2098 losse
1281 2048 1325 2115 42

199 2141 327 2225 pedum
349 2160 400 2206 xv
420 2141 564 2206 hiberna
584 2141 741 2225 cingunt.
792 2141 889 2206 Haec
911 2149 945 2206 et
967 2139 1185 2224 superiorum
1206 2161 1264 2205 an·
1286 2168 1313 2217 15

198 2256 324 2316 uorum
345 2249 598 2316 consuetudine
618 2256 638 2316 e
658 2252 759 2315 nobis
778 2255 1019 2334 cognoverant
1039 2259 1073 2314 et
1094 2250 1265 2334 quosdam

198 2359 242 2424 de
255 2358 412 2425 exercitu
428 2366 522 2425 nacti
537 2365 694 2445 captivos
709 2360 752 2425 ab
768 2359 821 2424 his
837 2359 1055 2426 docebantur
1061 2381 1069 2438 ;
1095 2360 1154 2425 sed
1170 2359 1265 2425 nullo

199 2467 487 2533 lerramentorum
510 2468 621 2551 copie,
643 2488 731 2552 quae
752 2479 865 2552 essent
887 2469 930 2534 ad
952 2470 1045 2534 hunc
1067 2475 1170 2535 usum
1191 2469 1264 2535 ido-

198 2597 272 2653 nea,
290 2576 412 2661 gladiis
429 2576 597 2660 caespites
615 2576 871 2654 circumcidere,
890 2578 1049 2644 manibus
1067 2580 1264 2665 sagulisque

197 2695 323 2751 terram
343 2685 524 2752 exhaurire
544 2685 770 2770 erigebantur.
821 2687 902 2771 Quo
921 2687 1062 2771 quidem
1082 2709 1126 2754 ex
1146 2695 1183 2754 re
1202 2688 1264 2754 ho·
1282 2711 1315 2750 ιο

198 2794 332 2860 minum
359 2794 548 2860 multitude
574 2801 741 2880 cognosci
767 2796 896 2880 potuit;
923 2818 1002 2862 nam
1029 2798 1144 2863 minus
1170 2799 1264 2864 horis

197 2904 307 2969 tribus
325 2903 457 2968 milium
476 2924 640 2988 passuum
659 2923 705 2968 111
723 2903 757 2968 in
775 2904 920 2971 circuitu
939 2905 1170 2972 munitionem
1189 2927 1264 2990 per-

197 3013 364 3079 fecerunt.
416 3012 570 3096 Reliquis
591 3012 712 3079 diebus
732 3021 844 3080 turres
864 3015 906 3079 ad
928 3013 1151 3081 altitudinem
1172 3017 1261 3094 velli,

197 3121 301 3186 lalces
321 3120 592 3204 testudinesque,
614 3127 700 3205 quus
719 3121 813 3187 idem
835 3128 961 3207 captivi
982 3122 1184 3201 docuerant,
1207 3145 1263 3208 pa-

197 3235 272 3295 rere
288 3235 328 3295 ec
345 3229 456 3296 lucere
473 3236 673 3314 coeperunt.
1282 3257 1312 3307 ας

450 3380 478 3434 Α
483 3381 573 3450 sterce
584 3381 696 3435 assault
707 3383 733 3434 is
745 3381 860 3451 ῠνανιίγ
871 3381 1009 3452 rqdulsed.

267 3487 424 3572 Septimo
448 3490 724 3574 oppugnationis
747 3490 802 3556 die
827 3491 983 3557 muximo
1007 3493 1132 3558 coorto
1156 3499 1262 3559 vento
1279 3512 1322 3578 43

196 3597 367 3664 ferventes
387 3597 503 3664 lusiles
523 3621 567 3663 ex
586 3598 708 3682 argillu
727 3599 870 3682 glandes
891 3599 1005 3665 lundis
1025 3611 1059 3666 et
1079 3601 1263 3669 lervelacta

197 3707 306 3773 iacula
321 3707 355 3772 in
372 3714 479 3784 casas,
495 3729 584 3791 quae
600 3713 697 3773 more
715 3706 847 3773 Gallico
864 3715 1061 3775 strumentis
1079 3721 1175 3777 erant
1194 3719 1263 3780 tec-

196 3829 262 3894 tae,
288 3819 397 3884 iacere
424 3824 624 3901 coeperunt.
675 3817 753 3882 Hae
779 3817 935 3884 celeriter
959 3825 1078 3904 ignem
1105 3843 1263 3906 compre-

197 3927 391 3993 henderunt
412 3937 445 3992 et
465 3933 559 3991 venti
578 3925 820 4010 mugnitudine
839 3926 873 3991 in
893 3948 1034 3994 omnem
1054 3930 1171 3995 locum
1191 3952 1262 3998 cas·
1281 3961 1314 4009 30
