3000 4456
526 361 644 415 LIBER
670 361 691 419 1.
717 361 800 420 CAP.
826 375 939 432 43-44.
1228 380 1267 449 33

200 541 328 619 lissent,
344 540 379 606 id
395 546 444 606 eis
460 540 546 626 eripi
563 541 640 626 quis
656 548 728 626 pati
745 542 882 625 posset?
931 540 1124 608 Postulavit
1142 540 1267 606 deinde

198 648 328 728 eadem,
349 671 438 734 quae
457 650 584 736 legatis
602 649 637 716 in
657 652 831 717 mandatis
851 652 1007 717 dederat:
1029 657 1072 716 ne
1091 661 1152 717 aut
1174 651 1267 716 Hae·

197 758 273 824 duis
288 769 349 825 aut
365 765 487 826 eorum
502 759 604 826 sociis
619 760 749 826 bellum
763 760 921 839 inlerret;
937 759 1076 826 obsides
1092 759 1267 838 redderet;

198 874 226 932 si
245 869 375 934 nullam
394 879 528 953 partem
549 867 806 935 Germanorum
825 868 972 935 domum
992 867 1167 934 remittere
1188 889 1267 953 pos-

196 987 260 1056 set,
278 987 314 1043 at
333 983 377 1044 ne
394 983 483 1063 quos
500 977 647 1063 amplius
667 978 831 1044 Rhenum
850 984 996 1044 transire
1014 984 1203 1062 pateretur.
1285 996 1298 1046 5

409 1183 578 1237 Ariow'stus
589 1181 725 1253 destant&
736 1187 873 1236 reasserts
884 1180 933 1236 his
943 1181 1053 1236 clarius.

266 1307 468 1374 Ariovistus
490 1310 533 1374 ad
557 1309 737 1393 postulata
760 1307 916 1375 Caesaris
938 1328 1049 1393 pauca
1072 1305 1263 1392 respondit,
1281 1304 1324 1372 ⁴4

196 1416 240 1481 de
265 1422 336 1482 suis
362 1416 550 1484 virtutibus
576 1419 687 1483 multa
713 1417 941 1503 praedicavit:
968 1417 1146 1483 Transisse
1174 1415 1266 1482 Rhe-

195 1545 280 1589 num
302 1531 376 1592 sese
397 1532 469 1591 non
490 1533 552 1593 suri
573 1537 709 1611 sponte,
732 1528 793 1592 sed
815 1532 982 1612 rogitum
1004 1536 1039 1592 et
1062 1531 1267 1592 arcessitum

195 1631 358 1712 aGalli53
378 1641 450 1700 non
470 1634 543 1700 sine
564 1641 692 1721 magnit
713 1641 773 1720 spe
794 1640 1001 1720 magnisque
1022 1633 1183 1719 praemiis
1204 1636 1266 1700 do-

196 1762 292 1807 mum
313 1742 598 1828 propinquosque
618 1743 810 1829 reliquisse3
831 1745 931 1811 sedes
952 1744 1078 1810 habere
1098 1743 1133 1808 in
1156 1742 1267 1810 Gallia
1284 1774 1315 1811 10

196 1851 239 1916 ab
265 1851 347 1935 ipsis
373 1858 566 1930 concessio,
594 1852 733 1918 obsides
758 1852 914 1936 ipsorum
941 1853 1121 1918 voluntate
1148 1852 1264 1931 dat6s3

197 1959 411 2044 stipendium
433 1981 555 2044 capere
577 1959 650 2026 iirre
671 1962 761 2040 belli,
785 1962 880 2046 quod
904 1963 1056 2028 victores
1079 1962 1181 2028 victis
1203 1962 1265 2029 im-

196 2075 326 2153 ponere
339 2069 551 2136 consuerint.
590 2069 673 2135 Non
687 2076 761 2136 sese
776 2069 892 2149 Gallis,
909 2072 969 2136 sed
984 2069 1103 2136 Gallos
1117 2069 1180 2135 sibi
1194 2070 1264 2136 bel·

194 2178 266 2243 lum
283 2179 454 2257 intulisse;
479 2185 601 2245 omnes
620 2178 748 2246 Galliae
765 2179 922 2245 civitates
939 2181 983 2245 ad
1002 2187 1038 2245 se
1055 2185 1263 2265 oppugnan-

198 2282 283 2352 dum
305 2287 439 2354 venisse
461 2294 501 2354 ac
524 2294 649 2354 contra
671 2295 708 2354 se
729 2287 841 2354 castra
864 2288 1039 2366 habuisse;
1061 2296 1119 2355 eas
1141 2296 1264 2355 omnes
1284 2315 1312 2366 ις

198 2395 316 2480 copias
338 2402 359 2461 a
381 2403 417 2462 se
440 2402 511 2461 rino
534 2397 667 2482 proelio
690 2398 868 2482 pulsastis
891 2405 1072 2483 superatas
1095 2420 1178 2464 esse.
1227 2399 1264 2466 Si

196 2505 325 2596 iterum
355 2511 505 2590 experiri
534 2506 652 2584 velint,
684 2513 720 2573 se
749 2507 877 2573 iterum
907 2514 1069 2593 paratum
1101 2529 1174 2574 esse
1205 2510 1264 2576 de·

197 2620 346 2693 certare;
368 2621 396 2681 si
419 2621 503 2699 pace
526 2621 579 2680 titi
601 2615 719 2695 velint,
743 2615 901 2702 iniquum
924 2638 998 2682 esse
1021 2619 1064 2683 de
1088 2619 1263 2703 stipendio

195 2729 361 2804 recissire
377 2725 473 2808 quod
487 2731 549 2790 suit
563 2725 747 2790 voluntate
761 2725 804 2792 ad
818 2725 853 2790 id
868 2737 1008 2811 tempus
1022 2727 1261 2812 pependerint.

195 2831 399 2898 Amicitiam
415 2833 536 2918 populi
553 2834 704 2900 Romani
720 2834 784 2901 sibi
801 2841 1010 2901 ornamento
1028 2847 1062 2903 et
1079 2837 1261 2922 praesidio,
1280 2866 1313 2905 ao

194 2947 266 3007 non
284 2943 495 3008 detrimento
512 2964 586 3008 esse
605 2950 767 3027 oportere
784 2955 888 3028 atque
907 2952 943 3011 se
960 2946 1025 3013 hac
1043 2953 1105 3031 spe
1123 2954 1259 3031 petisse.

196 3049 231 3117 Si
258 3072 319 3134 per
343 3052 513 3136 populum
539 3051 740 3119 Romanum
766 3054 978 3138 stipendium
1004 3057 1201 3124 remittitur
1226 3069 1261 3124 et

196 3159 350 3226 dediticii
368 3160 629 3239 subtrahantur,
648 3168 719 3227 non
737 3162 852 3228 minus
870 3163 1017 3230 libenter
1035 3173 1109 3232 sese
1127 3172 1261 3232 recusit-

195 3272 314 3333 turum
330 3269 451 3353 populi
467 3268 619 3335 Romani
634 3269 824 3337 amicitiam
841 3293 945 3356 quam
961 3273 1154 3358 adpetierit.

266 3375 375 3462 Quod
397 3376 659 3445 multitudinem
683 3377 939 3447 Germanorum
961 3381 996 3447 in
1021 3382 1168 3449 Galliam
1193 3390 1262 3450 trai-
1279 3417 1310 3468 25

196 3485 312 3563 diicat,
338 3485 373 3552 id
396 3493 433 3552 se
458 3493 511 3552 sui
535 3487 724 3567 muniendi,
750 3496 822 3555 non
848 3489 978 3556 Galliae
1002 3493 1261 3578 oppugnandae

195 3601 300 3660 causis
314 3594 440 3674 facere;
455 3595 529 3662 eius
544 3603 592 3662 rei
606 3597 849 3664 testimonium
865 3621 949 3677 esse,
967 3602 1063 3684 quod
1079 3601 1143 3666 nisi
1160 3607 1262 3687 roga·

196 3713 252 3768 tus
270 3709 340 3768 non
360 3703 504 3784 venerit,
525 3716 560 3772 et
580 3705 675 3790 quod
695 3707 825 3772 bellum
844 3714 915 3773 non
934 3708 1102 3788 intulerit,
1124 3710 1183 3777 sed
1204 3711 1262 3776 de-

195 3809 354 3876 fenderit.
401 3811 447 3878 Se
467 3812 562 3897 prius
582 3813 617 3879 in
640 3813 787 3880 Galliam
808 3815 942 3882 venisse
964 3839 1069 3901 quam
1091 3819 1261 3903 populum

193 3919 407 3987 Romanum.
469 3921 672 4007 Numquam
699 3934 780 3990 ante
807 3924 875 3990 hoc
902 3935 1041 4010 tempus
1068 3927 1260 3994 exercitum
1278 3953 1311 4002 ³0
