<?xml version="1.0" encoding="UTF-8"?>
<!DOCTYPE html PUBLIC "-//W3C//DTD XHTML 1.0 Transitional//EN"
    "http://www.w3.org/TR/xhtml1/DTD/xhtml1-transitional.dtd">
<html xmlns="http://www.w3.org/1999/xhtml" xml:lang="en" lang="en">
 <head>
  <title>
</title>
<meta http-equiv="Content-Type" content="text/html;charset=utf-8" />
  <meta name='ocr-system' content='tesseract 3.04.00' />
  <meta name='ocr-capabilities' content='ocr_page ocr_carea ocr_par ocr_line ocrx_word'/>
</head>
<body>
  <div class='ocr_page' id='page_1' title='image "./civlicaesarisde00westgoog_0109.png"; bbox 0 0 3000 4456; ppageno 0'>
   <div class='ocr_carea' id='block_1_1' title="bbox 538 355 951 410">
    <p class='ocr_par' dir='ltr' id='par_1_1' title="bbox 538 355 951 410">
     <span class='ocr_line' id='line_1_1' title="bbox 538 355 951 410; baseline 0 -2"><span class='ocrx_word' id='word_1_1' title='bbox 538 357 655 408; x_wconf 82' lang='lat' dir='ltr'>LIBER</span> <span class='ocrx_word' id='word_1_2' title='bbox 682 357 702 410; x_wconf 92' lang='lat' dir='ltr'>l.</span> <span class='ocrx_word' id='word_1_3' title='bbox 729 358 813 410; x_wconf 84' lang='lat' dir='ltr'><strong>CAP.</strong></span> <span class='ocrx_word' id='word_1_4' title='bbox 840 355 951 410; x_wconf 90' lang='lat'><strong>26—28.</strong></span> 
     </span>
    </p>
   </div>
   <div class='ocr_carea' id='block_1_2' title="bbox 561 563 933 636">
    <p class='ocr_par' dir='ltr' id='par_1_2' title="bbox 561 563 933 636">
     <span class='ocr_line' id='line_1_2' title="bbox 561 563 933 636; baseline 0 -18"><span class='ocrx_word' id='word_1_5' title='bbox 561 563 636 636; x_wconf 79' lang='lat' dir='ltr'>They</span> <span class='ocrx_word' id='word_1_6' title='bbox 647 565 719 636; x_wconf 67' lang='lat' dir='ltr'>«fier</span> <span class='ocrx_word' id='word_1_7' title='bbox 730 571 759 619; x_wconf 81' lang='lat' dir='ltr'>to</span> <span class='ocrx_word' id='word_1_8' title='bbox 769 565 933 620; x_wconf 84' lang='lat' dir='ltr'>surrender.</span> 
     </span>
    </p>
   </div>
   <div class='ocr_carea' id='block_1_3' title="bbox 208 688 1339 2191">
    <p class='ocr_par' dir='ltr' id='par_1_3' title="bbox 208 688 1339 2191">
     <span class='ocr_line' id='line_1_3' title="bbox 280 688 1339 776; baseline -0.003 -18"><span class='ocrx_word' id='word_1_9' title='bbox 280 690 437 759; x_wconf 80' lang='lat' dir='ltr'>Helvetii</span> <span class='ocrx_word' id='word_1_10' title='bbox 458 690 616 758; x_wconf 88' lang='lat' dir='ltr'>omnium</span> <span class='ocrx_word' id='word_1_11' title='bbox 638 699 753 758; x_wconf 76' lang='lat' dir='ltr'>rerum</span> <span class='ocrx_word' id='word_1_12' title='bbox 775 691 892 776; x_wconf 73' lang='lat' dir='ltr'>inopizi</span> <span class='ocrx_word' id='word_1_13' title='bbox 913 690 1057 758; x_wconf 88' lang='lat' dir='ltr'>adducti</span> <span class='ocrx_word' id='word_1_14' title='bbox 1078 691 1215 776; x_wconf 63' lang='lat' dir='ltr'>legitos</span> <span class='ocrx_word' id='word_1_15' title='bbox 1236 688 1280 755; x_wconf 76' lang='lat' dir='ltr'>de</span> <span class='ocrx_word' id='word_1_16' title='bbox 1296 693 1339 765; x_wconf 89' lang='lat'>27</span> 
     </span>
     <span class='ocr_line' id='line_1_4' title="bbox 208 798 1280 886; baseline -0.005 -17"><span class='ocrx_word' id='word_1_17' title='bbox 208 801 389 869; x_wconf 74' lang='lat' dir='ltr'>deditione</span> <span class='ocrx_word' id='word_1_18' title='bbox 409 802 453 867; x_wconf 85' lang='lat' dir='ltr'>ad</span> <span class='ocrx_word' id='word_1_19' title='bbox 473 822 554 866; x_wconf 89' lang='lat' dir='ltr'>eurn</span> <span class='ocrx_word' id='word_1_20' title='bbox 575 806 755 866; x_wconf 74' lang='lat' dir='ltr'>miserunt.</span> <span class='ocrx_word' id='word_1_21' title='bbox 805 801 878 886; x_wconf 84' lang='lat' dir='ltr'>Qui</span> <span class='ocrx_word' id='word_1_22' title='bbox 899 823 978 866; x_wconf 91' lang='lat' dir='ltr'>curn</span> <span class='ocrx_word' id='word_1_23' title='bbox 1000 822 1080 867; x_wconf 89' lang='lat' dir='ltr'>eurn</span> <span class='ocrx_word' id='word_1_24' title='bbox 1101 799 1136 864; x_wconf 93' lang='lat' dir='ltr'>in</span> <span class='ocrx_word' id='word_1_25' title='bbox 1157 798 1280 864; x_wconf 90' lang='lat' dir='ltr'>itinere</span> 
     </span>
     <span class='ocr_line' id='line_1_5' title="bbox 209 907 1280 994; baseline -0.007 -16"><span class='ocrx_word' id='word_1_26' title='bbox 209 909 455 978; x_wconf 77' lang='lat' dir='ltr'>convenissent</span> <span class='ocrx_word' id='word_1_27' title='bbox 480 916 587 994; x_wconf 80' lang='lat' dir='ltr'>seque</span> <span class='ocrx_word' id='word_1_28' title='bbox 611 910 654 975; x_wconf 93' lang='lat' dir='ltr'>ad</span> <span class='ocrx_word' id='word_1_29' title='bbox 680 911 786 994; x_wconf 70' lang='lat' dir='ltr'>pedes</span> <span class='ocrx_word' id='word_1_30' title='bbox 810 908 1037 994; x_wconf 79' lang='lat' dir='ltr'>proiecissent</span> <span class='ocrx_word' id='word_1_31' title='bbox 1063 907 1280 993; x_wconf 88' lang='lat' dir='ltr'>suppliciter-</span> 
     </span>
     <span class='ocr_line' id='line_1_6' title="bbox 209 1014 1279 1103; baseline -0.003 -21"><span class='ocrx_word' id='word_1_32' title='bbox 209 1039 276 1103; x_wconf 88' lang='lat' dir='ltr'>que</span> <span class='ocrx_word' id='word_1_33' title='bbox 292 1018 404 1083; x_wconf 80' lang='lat' dir='ltr'>loeuti</span> <span class='ocrx_word' id='word_1_34' title='bbox 419 1017 545 1082; x_wconf 77' lang='lat' dir='ltr'>flentes</span> <span class='ocrx_word' id='word_1_35' title='bbox 561 1021 683 1100; x_wconf 64' lang='lat' dir='ltr'>picem</span> <span class='ocrx_word' id='word_1_36' title='bbox 700 1022 869 1100; x_wconf 87' lang='lat' dir='ltr'>petissent</span> <span class='ocrx_word' id='word_1_37' title='bbox 886 1026 993 1100; x_wconf 89' lang='lat' dir='ltr'>atque</span> <span class='ocrx_word' id='word_1_38' title='bbox 1010 1021 1071 1081; x_wconf 81' lang='lat' dir='ltr'>eos</span> <span class='ocrx_word' id='word_1_39' title='bbox 1087 1014 1122 1078; x_wconf 94' lang='lat' dir='ltr'>in</span> <span class='ocrx_word' id='word_1_40' title='bbox 1140 1020 1183 1080; x_wconf 80' lang='lat' dir='ltr'>eo</span> <span class='ocrx_word' id='word_1_41' title='bbox 1201 1016 1279 1080; x_wconf 84' lang='lat' dir='ltr'>loco</span> 
     </span>
     <span class='ocr_line' id='line_1_7' title="bbox 210 1121 1312 1212; baseline -0.003 -20"><span class='ocrx_word' id='word_1_42' title='bbox 210 1132 281 1212; x_wconf 82' lang='lat' dir='ltr'>quo</span> <span class='ocrx_word' id='word_1_43' title='bbox 306 1137 382 1192; x_wconf 90' lang='lat' dir='ltr'>turn</span> <span class='ocrx_word' id='word_1_44' title='bbox 406 1136 521 1193; x_wconf 87' lang='lat' dir='ltr'>essent</span> <span class='ocrx_word' id='word_1_45' title='bbox 545 1146 648 1190; x_wconf 89' lang='lat' dir='ltr'>suurn</span> <span class='ocrx_word' id='word_1_46' title='bbox 671 1125 862 1190; x_wconf 90' lang='lat' dir='ltr'>adventurn</span> <span class='ocrx_word' id='word_1_47' title='bbox 886 1130 1090 1208; x_wconf 60' lang='lat' dir='ltr'>exspectare</span> <span class='ocrx_word' id='word_1_48' title='bbox 1113 1121 1312 1202; x_wconf 80' lang='lat' dir='ltr'>iussisset‚5</span> 
     </span>
     <span class='ocr_line' id='line_1_8' title="bbox 208 1231 1279 1320; baseline -0.004 -19"><span class='ocrx_word' id='word_1_49' title='bbox 208 1241 407 1320; x_wconf 64' lang='lat' dir='ltr'>paruerunt.</span> <span class='ocrx_word' id='word_1_50' title='bbox 470 1235 524 1300; x_wconf 88' lang='grc' dir='ltr'>Εό</span> <span class='ocrx_word' id='word_1_51' title='bbox 555 1246 742 1319; x_wconf 84' lang='lat' dir='ltr'>postquam</span> <span class='ocrx_word' id='word_1_52' title='bbox 773 1232 900 1299; x_wconf 88' lang='lat' dir='ltr'>Caesar</span> <span class='ocrx_word' id='word_1_53' title='bbox 930 1233 1097 1318; x_wconf 76' lang='lat' dir='ltr'>pervenit,</span> <span class='ocrx_word' id='word_1_54' title='bbox 1130 1231 1279 1311; x_wconf 76' lang='lat' dir='ltr'>obsides,</span> 
     </span>
     <span class='ocr_line' id='line_1_9' title="bbox 210 1341 1278 1428; baseline -0.006 -18"><span class='ocrx_word' id='word_1_55' title='bbox 210 1365 316 1422; x_wconf 87' lang='lat' dir='ltr'>arma,</span> <span class='ocrx_word' id='word_1_56' title='bbox 339 1349 457 1410; x_wconf 79' lang='lat' dir='ltr'>servos</span> <span class='ocrx_word' id='word_1_57' title='bbox 479 1348 539 1428; x_wconf 90' lang='lat' dir='ltr'>qui</span> <span class='ocrx_word' id='word_1_58' title='bbox 559 1342 603 1408; x_wconf 89' lang='lat' dir='ltr'>ad</span> <span class='ocrx_word' id='word_1_59' title='bbox 624 1348 685 1408; x_wconf 79' lang='lat' dir='ltr'>eos</span> <span class='ocrx_word' id='word_1_60' title='bbox 706 1341 938 1426; x_wconf 78' lang='lat' dir='ltr'>perfugissent</span> <span class='ocrx_word' id='word_1_61' title='bbox 961 1341 1132 1425; x_wconf 78' lang='lat' dir='ltr'><strong>poposcit.</strong></span> <span class='ocrx_word' id='word_1_62' title='bbox 1184 1341 1278 1406; x_wconf 86' lang='lat' dir='ltr'>Dum</span> 
     </span>
     <span class='ocr_line' id='line_1_10' title="bbox 208 1450 1274 1539; baseline -0.003 -20"><span class='ocrx_word' id='word_1_63' title='bbox 208 1475 250 1519; x_wconf 88' lang='lat' dir='ltr'>ea</span> <span class='ocrx_word' id='word_1_64' title='bbox 278 1459 535 1539; x_wconf 87' lang='lat' dir='ltr'>conquiruntur</span> <span class='ocrx_word' id='word_1_65' title='bbox 563 1464 598 1519; x_wconf 91' lang='lat' dir='ltr'>et</span> <span class='ocrx_word' id='word_1_66' title='bbox 629 1452 869 1529; x_wconf 80' lang='lat' dir='ltr'>conferuntur,</span> <span class='ocrx_word' id='word_1_67' title='bbox 907 1451 1030 1535; x_wconf 91' lang='lat' dir='ltr'>[nocte</span> <span class='ocrx_word' id='word_1_68' title='bbox 1061 1450 1274 1535; x_wconf 65' lang='lat' dir='ltr'>intermisso]</span> 
     </span>
     <span class='ocr_line' id='line_1_11' title="bbox 212 1558 1280 1646; baseline -0.005 -17"><span class='ocrx_word' id='word_1_69' title='bbox 212 1562 350 1629; x_wconf 87' lang='lat' dir='ltr'><strong>circiter</strong></span> <span class='ocrx_word' id='word_1_70' title='bbox 372 1561 556 1628; x_wconf 89' lang='lat' dir='ltr'>hominurn</span> <span class='ocrx_word' id='word_1_71' title='bbox 579 1561 672 1628; x_wconf 85' lang='lat' dir='ltr'>milia</span> <span class='ocrx_word' id='word_1_72' title='bbox 695 1580 734 1627; x_wconf 92' lang='lat' dir='ltr'>v1</span> <span class='ocrx_word' id='word_1_73' title='bbox 758 1559 833 1626; x_wconf 70' lang='lat' dir='ltr'>eius</span> <span class='ocrx_word' id='word_1_74' title='bbox 856 1565 949 1646; x_wconf 68' lang='lat' dir='ltr'>pigi,</span> <span class='ocrx_word' id='word_1_75' title='bbox 975 1564 1034 1645; x_wconf 91' lang='lat' dir='ltr'>qui</span> <span class='ocrx_word' id='word_1_76' title='bbox 1058 1558 1280 1644; x_wconf 86' lang='lat' dir='ltr'>Verbigenus</span> 
     </span>
     <span class='ocr_line' id='line_1_12' title="bbox 208 1669 1330 1756; baseline -0.005 -19"><span class='ocrx_word' id='word_1_77' title='bbox 208 1671 412 1756; x_wconf 69' lang='lat' dir='ltr'>appellitur,</span> <span class='ocrx_word' id='word_1_78' title='bbox 431 1678 501 1738; x_wconf 88' lang='lat' dir='ltr'>sive</span> <span class='ocrx_word' id='word_1_79' title='bbox 517 1670 644 1737; x_wconf 82' lang='lat' dir='ltr'>timore</span> <span class='ocrx_word' id='word_1_80' title='bbox 660 1670 846 1756; x_wconf 84' lang='lat' dir='ltr'>perterriti,</span> <span class='ocrx_word' id='word_1_81' title='bbox 865 1677 907 1737; x_wconf 82' lang='lat' dir='ltr'>ne</span> <span class='ocrx_word' id='word_1_82' title='bbox 924 1677 1028 1736; x_wconf 87' lang='lat' dir='ltr'>armis</span> <span class='ocrx_word' id='word_1_83' title='bbox 1046 1669 1184 1736; x_wconf 62' lang='lat' dir='ltr'>truditis</span> <span class='ocrx_word' id='word_1_84' title='bbox 1201 1691 1279 1754; x_wconf 90' lang='lat' dir='ltr'>sup·</span> <span class='ocrx_word' id='word_1_85' title='bbox 1300 1695 1330 1731; x_wconf 87' lang='grc' dir='ltr'>ιο</span> 
     </span>
     <span class='ocr_line' id='line_1_13' title="bbox 210 1779 1279 1866; baseline -0.001 -21"><span class='ocrx_word' id='word_1_86' title='bbox 210 1780 314 1866; x_wconf 83' lang='lat' dir='ltr'>plicio</span> <span class='ocrx_word' id='word_1_87' title='bbox 340 1779 583 1859; x_wconf 88' lang='lat' dir='ltr'>adficerentur,</span> <span class='ocrx_word' id='word_1_88' title='bbox 612 1787 683 1846; x_wconf 91' lang='lat' dir='ltr'>sive</span> <span class='ocrx_word' id='word_1_89' title='bbox 710 1787 771 1865; x_wconf 77' lang='lat' dir='ltr'>spe</span> <span class='ocrx_word' id='word_1_90' title='bbox 798 1780 920 1846; x_wconf 78' lang='lat' dir='ltr'>salutis</span> <span class='ocrx_word' id='word_1_91' title='bbox 948 1780 1093 1858; x_wconf 88' lang='lat' dir='ltr'>inducti,</span> <span class='ocrx_word' id='word_1_92' title='bbox 1122 1780 1218 1864; x_wconf 90' lang='lat' dir='ltr'>quod</span> <span class='ocrx_word' id='word_1_93' title='bbox 1245 1779 1279 1844; x_wconf 95' lang='lat' dir='ltr'>in</span> 
     </span>
     <span class='ocr_line' id='line_1_14' title="bbox 210 1887 1279 1973; baseline -0.006 -15"><span class='ocrx_word' id='word_1_94' title='bbox 210 1896 312 1958; x_wconf 66' lang='lat' dir='ltr'>tanti</span> <span class='ocrx_word' id='word_1_95' title='bbox 328 1887 552 1956; x_wconf 80' lang='lat' dir='ltr'>multitudine</span> <span class='ocrx_word' id='word_1_96' title='bbox 568 1888 814 1955; x_wconf 78' lang='lat' dir='ltr'>dediticiorum</span> <span class='ocrx_word' id='word_1_97' title='bbox 831 1909 929 1955; x_wconf 89' lang='lat' dir='ltr'>suarn</span> <span class='ocrx_word' id='word_1_98' title='bbox 946 1887 1067 1973; x_wconf 84' lang='lat' dir='ltr'>lugam</span> <span class='ocrx_word' id='word_1_99' title='bbox 1084 1898 1144 1953; x_wconf 88' lang='lat' dir='ltr'>aut</span> <span class='ocrx_word' id='word_1_100' title='bbox 1163 1887 1279 1953; x_wconf 91' lang='lat' dir='ltr'>occul-</span> 
     </span>
     <span class='ocr_line' id='line_1_15' title="bbox 209 1996 1280 2082; baseline -0.003 -17"><span class='ocrx_word' id='word_1_101' title='bbox 209 2005 276 2065; x_wconf 71' lang='lat' dir='ltr'>tiri</span> <span class='ocrx_word' id='word_1_102' title='bbox 304 2008 363 2064; x_wconf 90' lang='lat' dir='ltr'>aut</span> <span class='ocrx_word' id='word_1_103' title='bbox 394 2003 539 2063; x_wconf 80' lang='lat' dir='ltr'>omnino</span> <span class='ocrx_word' id='word_1_104' title='bbox 568 2002 723 2082; x_wconf 65' lang='lat' dir='ltr'>ignoruri</span> <span class='ocrx_word' id='word_1_105' title='bbox 754 2018 855 2081; x_wconf 90' lang='lat' dir='ltr'>posse</span> <span class='ocrx_word' id='word_1_106' title='bbox 886 1996 1137 2074; x_wconf 61' lang='lat' dir='ltr'>existimarent,</span> <span class='ocrx_word' id='word_1_107' title='bbox 1169 2003 1280 2081; x_wconf 69' lang='lat' dir='ltr'>primis</span> 
     </span>
     <span class='ocr_line' id='line_1_16' title="bbox 208 2106 1276 2191; baseline -0.002 -17"><span class='ocrx_word' id='word_1_108' title='bbox 208 2119 315 2174; x_wconf 91' lang='lat' dir='ltr'>nocte</span> <span class='ocrx_word' id='word_1_109' title='bbox 333 2115 352 2174; x_wconf 81' lang='lat' dir='ltr'>e</span> <span class='ocrx_word' id='word_1_110' title='bbox 371 2113 493 2173; x_wconf 88' lang='lat' dir='ltr'>castris</span> <span class='ocrx_word' id='word_1_111' title='bbox 513 2106 759 2173; x_wconf 78' lang='lat' dir='ltr'>Helvetiorum</span> <span class='ocrx_word' id='word_1_112' title='bbox 778 2112 908 2191; x_wconf 78' lang='lat' dir='ltr'>egressi</span> <span class='ocrx_word' id='word_1_113' title='bbox 927 2106 971 2171; x_wconf 88' lang='lat' dir='ltr'>ad</span> <span class='ocrx_word' id='word_1_114' title='bbox 993 2107 1156 2173; x_wconf 76' lang='lat' dir='ltr'>Rhenum</span> <span class='ocrx_word' id='word_1_115' title='bbox 1176 2106 1276 2173; x_wconf 74' lang='lat' dir='ltr'>lines-</span> 
     </span>
    </p>
   </div>
   <div class='ocr_carea' id='block_1_4' title="bbox 209 2215 1326 2302">
    <p class='ocr_par' dir='ltr' id='par_1_4' title="bbox 209 2215 1326 2302">
     <span class='ocr_line' id='line_1_17' title="bbox 209 2215 1326 2302; baseline 0 -20"><span class='ocrx_word' id='word_1_116' title='bbox 209 2238 277 2302; x_wconf 89' lang='lat' dir='ltr'>que</span> <span class='ocrx_word' id='word_1_117' title='bbox 300 2215 555 2283; x_wconf 70' lang='lat' dir='ltr'>Gerrnzinorum</span> <span class='ocrx_word' id='word_1_118' title='bbox 578 2217 847 2282; x_wconf 80' lang='lat' dir='ltr'>contenderunt.</span> <span class='ocrx_word' id='word_1_119' title='bbox 1298 2245 1326 2293; x_wconf 84' lang='lat'>15</span> 
     </span>
    </p>
   </div>
   <div class='ocr_carea' id='block_1_5' title="bbox 354 2389 1137 2463">
    <p class='ocr_par' dir='ltr' id='par_1_5' title="bbox 354 2389 1137 2463">
     <span class='ocr_line' id='line_1_18' title="bbox 354 2389 1137 2463; baseline 0.006 -20"><span class='ocrx_word' id='word_1_120' title='bbox 354 2389 429 2462; x_wconf 79' lang='lat' dir='ltr'>They</span> <span class='ocrx_word' id='word_1_121' title='bbox 440 2407 493 2444; x_wconf 87' lang='lat' dir='ltr'>are</span> <span class='ocrx_word' id='word_1_122' title='bbox 503 2391 641 2460; x_wconf 82' lang='lat' dir='ltr'>required</span> <span class='ocrx_word' id='word_1_123' title='bbox 650 2396 678 2444; x_wconf 80' lang='lat' dir='ltr'>to</span> <span class='ocrx_word' id='word_1_124' title='bbox 689 2397 792 2445; x_wconf 81' lang='lat' dir='ltr'>return</span> <span class='ocrx_word' id='word_1_125' title='bbox 805 2397 834 2445; x_wconf 81' lang='lat' dir='ltr'>to</span> <span class='ocrx_word' id='word_1_126' title='bbox 845 2391 924 2445; x_wconf 75' lang='lat' dir='ltr'>thet&#39;r</span> <span class='ocrx_word' id='word_1_127' title='bbox 935 2409 998 2446; x_wconf 85' lang='lat' dir='ltr'>own</span> <span class='ocrx_word' id='word_1_128' title='bbox 1010 2398 1137 2463; x_wconf 74' lang='lat' dir='ltr'>country.</span> 
     </span>
    </p>
   </div>
   <div class='ocr_carea' id='block_1_6' title="bbox 208 2509 1337 3999">
    <p class='ocr_par' dir='ltr' id='par_1_6' title="bbox 208 2509 1337 3581">
     <span class='ocr_line' id='line_1_19' title="bbox 278 2509 1337 2596; baseline 0.003 -21"><span class='ocrx_word' id='word_1_129' title='bbox 278 2510 387 2596; x_wconf 84' lang='lat' dir='ltr'>Quod</span> <span class='ocrx_word' id='word_1_130' title='bbox 410 2509 469 2575; x_wconf 90' lang='lat' dir='ltr'>ubi</span> <span class='ocrx_word' id='word_1_131' title='bbox 492 2509 618 2575; x_wconf 86' lang='lat' dir='ltr'>Caesar</span> <span class='ocrx_word' id='word_1_132' title='bbox 640 2509 766 2588; x_wconf 86' lang='lat' dir='ltr'>resciit,</span> <span class='ocrx_word' id='word_1_133' title='bbox 790 2516 941 2595; x_wconf 81' lang='lat' dir='ltr'>quorum</span> <span class='ocrx_word' id='word_1_134' title='bbox 965 2533 1025 2596; x_wconf 90' lang='lat' dir='ltr'>per</span> <span class='ocrx_word' id='word_1_135' title='bbox 1048 2511 1134 2577; x_wconf 75' lang='lat' dir='ltr'>lines</span> <span class='ocrx_word' id='word_1_136' title='bbox 1157 2511 1277 2588; x_wconf 87' lang='lat' dir='ltr'>ierant,</span> <span class='ocrx_word' id='word_1_137' title='bbox 1294 2512 1337 2578; x_wconf 85' lang='lat'>28</span> 
     </span>
     <span class='ocr_line' id='line_1_20' title="bbox 208 2619 1276 2706; baseline 0.003 -24"><span class='ocrx_word' id='word_1_138' title='bbox 208 2619 261 2683; x_wconf 85' lang='lat' dir='ltr'>his</span> <span class='ocrx_word' id='word_1_139' title='bbox 280 2625 333 2685; x_wconf 87' lang='lat' dir='ltr'>uti</span> <span class='ocrx_word' id='word_1_140' title='bbox 351 2624 596 2703; x_wconf 82' lang='lat' dir='ltr'>conquirerent</span> <span class='ocrx_word' id='word_1_141' title='bbox 616 2629 651 2685; x_wconf 94' lang='lat' dir='ltr'>et</span> <span class='ocrx_word' id='word_1_142' title='bbox 671 2620 887 2698; x_wconf 78' lang='lat' dir='ltr'>reducerent,</span> <span class='ocrx_word' id='word_1_143' title='bbox 910 2626 937 2684; x_wconf 87' lang='lat' dir='ltr'>si</span> <span class='ocrx_word' id='word_1_144' title='bbox 957 2619 1019 2685; x_wconf 91' lang='lat' dir='ltr'>sibi</span> <span class='ocrx_word' id='word_1_145' title='bbox 1040 2626 1183 2706; x_wconf 68' lang='lat' dir='ltr'>purgiti</span> <span class='ocrx_word' id='word_1_146' title='bbox 1202 2642 1276 2687; x_wconf 89' lang='lat' dir='ltr'>esse</span> 
     </span>
     <span class='ocr_line' id='line_1_21' title="bbox 210 2725 1279 2813; baseline 0 -19"><span class='ocrx_word' id='word_1_147' title='bbox 210 2727 348 2806; x_wconf 87' lang='lat' dir='ltr'>vellent,</span> <span class='ocrx_word' id='word_1_148' title='bbox 363 2725 561 2813; x_wconf 69' lang='lat' dir='ltr'>impertivit3</span> <span class='ocrx_word' id='word_1_149' title='bbox 576 2727 741 2794; x_wconf 81' lang='lat' dir='ltr'>reductos</span> <span class='ocrx_word' id='word_1_150' title='bbox 756 2727 791 2793; x_wconf 97' lang='lat' dir='ltr'>in</span> <span class='ocrx_word' id='word_1_151' title='bbox 806 2727 963 2794; x_wconf 90' lang='lat' dir='ltr'>hostium</span> <span class='ocrx_word' id='word_1_152' title='bbox 979 2736 1125 2795; x_wconf 82' lang='lat' dir='ltr'>numero</span> <span class='ocrx_word' id='word_1_153' title='bbox 1141 2728 1262 2795; x_wconf 85' lang='lat' dir='ltr'>habuit</span> <span class='ocrx_word' id='word_1_154' title='bbox 1271 2750 1279 2807; x_wconf 92' lang='lat'>;</span> 
     </span>
     <span class='ocr_line' id='line_1_22' title="bbox 209 2835 1276 2925; baseline 0.002 -24"><span class='ocrx_word' id='word_1_155' title='bbox 209 2836 360 2921; x_wconf 83' lang='lat' dir='ltr'>reliquos</span> <span class='ocrx_word' id='word_1_156' title='bbox 383 2842 516 2914; x_wconf 78' lang='lat' dir='ltr'>omnes,</span> <span class='ocrx_word' id='word_1_157' title='bbox 540 2835 729 2915; x_wconf 72' lang='lat' dir='ltr'>obsidibus</span> <span class='ocrx_word' id='word_1_158' title='bbox 753 2845 866 2914; x_wconf 76' lang='lat' dir='ltr'>armis</span> <span class='ocrx_word' id='word_1_159' title='bbox 892 2839 1046 2925; x_wconf 80' lang='lat' dir='ltr'>perfugis</span> <span class='ocrx_word' id='word_1_160' title='bbox 1070 2839 1216 2917; x_wconf 76' lang='lat' dir='ltr'>trz&#39;rditis,</span> <span class='ocrx_word' id='word_1_161' title='bbox 1242 2838 1276 2903; x_wconf 92' lang='lat' dir='ltr'>in</span> 
     </span>
     <span class='ocr_line' id='line_1_23' title="bbox 212 2944 1330 3033; baseline 0.002 -23"><span class='ocrx_word' id='word_1_162' title='bbox 212 2945 426 3011; x_wconf 75' lang='lat' dir='ltr'>deditionem</span> <span class='ocrx_word' id='word_1_163' title='bbox 446 2944 591 3030; x_wconf 76' lang='lat' dir='ltr'>accepit.</span> <span class='ocrx_word' id='word_1_164' title='bbox 639 2946 834 3026; x_wconf 75' lang='lat' dir='ltr'>Helvetios,</span> <span class='ocrx_word' id='word_1_165' title='bbox 857 2946 1039 3033; x_wconf 58' lang='lat' dir='ltr'>Tulingis,</span> <span class='ocrx_word' id='word_1_166' title='bbox 1064 2947 1279 3032; x_wconf 81' lang='lat' dir='ltr'>Latobrigos</span> <span class='ocrx_word' id='word_1_167' title='bbox 1297 2976 1330 3013; x_wconf 72' lang='grc' dir='ltr'><em>ω</em></span> 
     </span>
     <span class='ocr_line' id='line_1_24' title="bbox 212 3054 1279 3142; baseline 0.003 -23"><span class='ocrx_word' id='word_1_168' title='bbox 212 3054 246 3118; x_wconf 94' lang='lat' dir='ltr'>in</span> <span class='ocrx_word' id='word_1_169' title='bbox 260 3054 346 3120; x_wconf 75' lang='lat' dir='ltr'>fines</span> <span class='ocrx_word' id='word_1_170' title='bbox 360 3060 452 3133; x_wconf 83' lang='lat' dir='ltr'>suos,</span> <span class='ocrx_word' id='word_1_171' title='bbox 467 3055 559 3120; x_wconf 92' lang='lat' dir='ltr'>unde</span> <span class='ocrx_word' id='word_1_172' title='bbox 574 3067 671 3121; x_wconf 87' lang='lat' dir='ltr'>erant</span> <span class='ocrx_word' id='word_1_173' title='bbox 687 3057 847 3141; x_wconf 87' lang='lat' dir='ltr'>proiecti,</span> <span class='ocrx_word' id='word_1_174' title='bbox 863 3063 991 3123; x_wconf 89' lang='lat' dir='ltr'>reverti</span> <span class='ocrx_word' id='word_1_175' title='bbox 1005 3057 1118 3135; x_wconf 90' lang='lat' dir='ltr'>iussit;</span> <span class='ocrx_word' id='word_1_176' title='bbox 1133 3069 1167 3123; x_wconf 96' lang='lat' dir='ltr'>et</span> <span class='ocrx_word' id='word_1_177' title='bbox 1184 3058 1279 3142; x_wconf 92' lang='lat' dir='ltr'>quod</span> 
     </span>
     <span class='ocr_line' id='line_1_25' title="bbox 211 3162 1279 3253; baseline 0.003 -25"><span class='ocrx_word' id='word_1_178' title='bbox 211 3162 373 3229; x_wconf 89' lang='lat' dir='ltr'>omnibus</span> <span class='ocrx_word' id='word_1_179' title='bbox 395 3162 555 3249; x_wconf 83' lang='lat' dir='ltr'>frugibus</span> <span class='ocrx_word' id='word_1_180' title='bbox 577 3165 711 3231; x_wconf 66' lang='lat' dir='ltr'>omissis</span> <span class='ocrx_word' id='word_1_181' title='bbox 733 3166 831 3232; x_wconf 89' lang='lat' dir='ltr'>dorni</span> <span class='ocrx_word' id='word_1_182' title='bbox 854 3166 937 3232; x_wconf 88' lang='lat' dir='ltr'>nihil</span> <span class='ocrx_word' id='word_1_183' title='bbox 961 3179 1033 3233; x_wconf 88' lang='lat' dir='ltr'>erat</span> <span class='ocrx_word' id='word_1_184' title='bbox 1058 3173 1129 3253; x_wconf 83' lang='lat' dir='ltr'>quo</span> <span class='ocrx_word' id='word_1_185' title='bbox 1153 3167 1279 3233; x_wconf 83' lang='lat' dir='ltr'>famem</span> 
     </span>
     <span class='ocr_line' id='line_1_26' title="bbox 211 3272 1280 3360; baseline 0.006 -24"><span class='ocrx_word' id='word_1_186' title='bbox 211 3272 411 3350; x_wconf 68' lang='lat' dir='ltr'>tolerarent,</span> <span class='ocrx_word' id='word_1_187' title='bbox 430 3273 684 3360; x_wconf 86' lang='lat' dir='ltr'>Allobrogibus</span> <span class='ocrx_word' id='word_1_188' title='bbox 701 3273 895 3360; x_wconf 62' lang='lat' dir='ltr'>imperavit,</span> <span class='ocrx_word' id='word_1_189' title='bbox 915 3287 953 3342; x_wconf 90' lang='lat' dir='ltr'>ut</span> <span class='ocrx_word' id='word_1_190' title='bbox 973 3283 1021 3342; x_wconf 91' lang='lat' dir='ltr'>eis</span> <span class='ocrx_word' id='word_1_191' title='bbox 1039 3277 1204 3343; x_wconf 77' lang='lat' dir='ltr'>lrt&#39;nnenti</span> <span class='ocrx_word' id='word_1_192' title='bbox 1222 3283 1280 3342; x_wconf 80' lang='lat' dir='ltr'>co-</span> 
     </span>
     <span class='ocr_line' id='line_1_27' title="bbox 211 3380 1280 3470; baseline 0.007 -24"><span class='ocrx_word' id='word_1_193' title='bbox 211 3380 303 3466; x_wconf 83' lang='lat' dir='ltr'>piam</span> <span class='ocrx_word' id='word_1_194' title='bbox 330 3382 498 3460; x_wconf 87' lang='lat' dir='ltr'>lacerent;</span> <span class='ocrx_word' id='word_1_195' title='bbox 524 3382 618 3467; x_wconf 83' lang='lat' dir='ltr'>ipsos</span> <span class='ocrx_word' id='word_1_196' title='bbox 644 3383 775 3470; x_wconf 90' lang='lat' dir='ltr'>oppida</span> <span class='ocrx_word' id='word_1_197' title='bbox 801 3391 976 3470; x_wconf 81' lang='lat' dir='ltr'>vicosque,</span> <span class='ocrx_word' id='word_1_198' title='bbox 1003 3393 1093 3470; x_wconf 84' lang='lat' dir='ltr'>quos</span> <span class='ocrx_word' id='word_1_199' title='bbox 1119 3386 1280 3452; x_wconf 86' lang='lat' dir='ltr'>incende-</span> 
     </span>
     <span class='ocr_line' id='line_1_28' title="bbox 211 3489 1328 3581; baseline 0.012 -26"><span class='ocrx_word' id='word_1_200' title='bbox 211 3501 300 3570; x_wconf 86' lang='lat' dir='ltr'>rant,</span> <span class='ocrx_word' id='word_1_201' title='bbox 320 3489 504 3558; x_wconf 88' lang='lat' dir='ltr'>restituere</span> <span class='ocrx_word' id='word_1_202' title='bbox 522 3490 632 3559; x_wconf 90' lang='lat' dir='ltr'>iussit.</span> <span class='ocrx_word' id='word_1_203' title='bbox 1297 3531 1328 3581; x_wconf 80' lang='lat'>25</span> 
     </span>
    </p>

    <p class='ocr_par' dir='ltr' id='par_1_7' title="bbox 212 3599 1281 3999">
     <span class='ocr_line' id='line_1_29' title="bbox 280 3599 1278 3688; baseline 0.008 -24"><span class='ocrx_word' id='word_1_204' title='bbox 280 3599 320 3665; x_wconf 89' lang='lat' dir='ltr'>Id</span> <span class='ocrx_word' id='word_1_205' title='bbox 335 3606 377 3665; x_wconf 68' lang='lat' dir='ltr'>ei</span> <span class='ocrx_word' id='word_1_206' title='bbox 391 3601 544 3668; x_wconf 64' lang='lat' dir='ltr'>minime</span> <span class='ocrx_word' id='word_1_207' title='bbox 558 3601 694 3668; x_wconf 83' lang='lat' dir='ltr'>ratione</span> <span class='ocrx_word' id='word_1_208' title='bbox 708 3601 801 3681; x_wconf 70' lang='lat' dir='ltr'>lecit,</span> <span class='ocrx_word' id='word_1_209' title='bbox 817 3603 912 3688; x_wconf 91' lang='lat' dir='ltr'>quod</span> <span class='ocrx_word' id='word_1_210' title='bbox 927 3604 1040 3670; x_wconf 81' lang='lat' dir='ltr'>noluit</span> <span class='ocrx_word' id='word_1_211' title='bbox 1056 3626 1135 3670; x_wconf 89' lang='lat' dir='ltr'>eurn</span> <span class='ocrx_word' id='word_1_212' title='bbox 1151 3605 1278 3684; x_wconf 89' lang='lat' dir='ltr'>locum,</span> 
     </span>
     <span class='ocr_line' id='line_1_30' title="bbox 212 3709 1280 3798; baseline 0.007 -26"><span class='ocrx_word' id='word_1_213' title='bbox 212 3709 303 3774; x_wconf 91' lang='lat' dir='ltr'>unde</span> <span class='ocrx_word' id='word_1_214' title='bbox 325 3709 481 3777; x_wconf 77' lang='lat' dir='ltr'>Helvetii</span> <span class='ocrx_word' id='word_1_215' title='bbox 501 3710 740 3790; x_wconf 87' lang='lat' dir='ltr'>discesserant,</span> <span class='ocrx_word' id='word_1_216' title='bbox 762 3718 894 3790; x_wconf 63' lang='lat' dir='ltr'>vacere,</span> <span class='ocrx_word' id='word_1_217' title='bbox 916 3719 960 3778; x_wconf 73' lang='lat' dir='ltr'>ne</span> <span class='ocrx_word' id='word_1_218' title='bbox 980 3726 1122 3798; x_wconf 89' lang='lat' dir='ltr'>propter</span> <span class='ocrx_word' id='word_1_219' title='bbox 1143 3714 1280 3780; x_wconf 68' lang='lat' dir='ltr'>boniti-</span> 
     </span>
     <span class='ocr_line' id='line_1_31' title="bbox 212 3819 1281 3904; baseline 0.006 -22"><span class='ocrx_word' id='word_1_220' title='bbox 212 3827 284 3883; x_wconf 89' lang='lat' dir='ltr'>tem</span> <span class='ocrx_word' id='word_1_221' title='bbox 300 3825 467 3903; x_wconf 79' lang='lat' dir='ltr'>agrorum</span> <span class='ocrx_word' id='word_1_222' title='bbox 484 3819 658 3897; x_wconf 62' lang='lat' dir='ltr'>Germani,</span> <span class='ocrx_word' id='word_1_223' title='bbox 676 3826 736 3904; x_wconf 85' lang='lat' dir='ltr'>qui</span> <span class='ocrx_word' id='word_1_224' title='bbox 753 3827 850 3887; x_wconf 63' lang='lat' dir='ltr'>triens</span> <span class='ocrx_word' id='word_1_225' title='bbox 867 3821 1031 3888; x_wconf 79' lang='lat' dir='ltr'>Rhenum</span> <span class='ocrx_word' id='word_1_226' title='bbox 1048 3822 1217 3902; x_wconf 86' lang='lat' dir='ltr'>incolunt,</span> <span class='ocrx_word' id='word_1_227' title='bbox 1236 3846 1281 3890; x_wconf 85' lang='lat' dir='ltr'>ex</span> 
     </span>
     <span class='ocr_line' id='line_1_32' title="bbox 212 3913 1281 3999; baseline 0.007 -8"><span class='ocrx_word' id='word_1_228' title='bbox 212 3933 282 3992; x_wconf 89' lang='lat' dir='ltr'>suis</span> <span class='ocrx_word' id='word_1_229' title='bbox 300 3926 428 3995; x_wconf 79' lang='lat' dir='ltr'>finibus</span> <span class='ocrx_word' id='word_1_230' title='bbox 447 3928 481 3995; x_wconf 97' lang='lat' dir='ltr'>in</span> <span class='ocrx_word' id='word_1_231' title='bbox 503 3928 748 3995; x_wconf 78' lang='lat' dir='ltr'>Helvetiorum</span> <span class='ocrx_word' id='word_1_232' title='bbox 768 3928 855 3995; x_wconf 82' lang='lat' dir='ltr'>lines</span> <span class='ocrx_word' id='word_1_233' title='bbox 876 3935 1063 3997; x_wconf 58' lang='lat' dir='ltr'>transirent</span> <span class='ocrx_word' id='word_1_234' title='bbox 1084 3941 1119 3996; x_wconf 91' lang='lat' dir='ltr'>et</span> <span class='ocrx_word' id='word_1_235' title='bbox 1141 3913 1281 3999; x_wconf 75' lang='lat' dir='ltr'>irnitimi</span> 
     </span>
    </p>
   </div>
   <div class='ocr_carea' id='block_1_7' title="bbox 0 0 1509 4456">
    <p class='ocr_par' dir='ltr' id='par_1_8' title="bbox 0 0 1509 4456">
     <span class='ocr_line' id='line_1_33' title="bbox 0 0 1509 4456; baseline 0 0"><span class='ocrx_word' id='word_1_236' title='bbox 0 0 1509 4456; x_wconf 95' lang='lat' dir='ltr'> </span> 
     </span>
    </p>
   </div>
  </div>
 </body>
</html>
