3048 4444
520 377 637 429 LIBER
662 377 710 429 Vl.
738 377 822 429 CAP.
850 389 961 440 ¹7-21·
1213 391 1270 457 153

461 534 621 604 Marrruge
632 533 705 586 Iaws
716 533 780 586 and
786 533 918 604 funeral
928 534 1006 586 riter.

271 641 357 717 Viri,
384 647 530 724 quantas
556 639 720 724 pecunias
745 640 788 705 ab
815 639 983 704 uxuribus
1008 638 1100 704 dutis
1127 639 1268 704 nomine
1289 657 1329 724 19

201 757 419 835 acceperunt,
435 755 549 815 tantais
564 771 608 815 ex
624 755 693 814 suis
709 750 811 815 bonis
825 748 1066 815 aestimatione
1082 748 1172 814 lacta
1189 769 1268 813 cum

205 860 345 927 dotibus
375 858 647 925 communicant.
704 857 820 924 Huius
849 858 963 924 omnis
992 857 1158 944 pecuniae
1188 879 1270 923 con-

200 968 347 1034 iunctim
360 967 450 1032 ratio
465 966 614 1033 habetur
627 966 829 1052 fructusque
842 976 1040 1044 servantur;
1053 975 1131 1031 uter
1146 971 1267 1031 eorum

202 1084 273 1144 vita
297 1077 483 1162 superavit,
508 1077 552 1142 ad
577 1097 658 1142 eum
685 1097 762 1160 pars
788 1081 968 1160 utriusque
993 1096 1073 1140 cum
1100 1074 1300 1150 lructibus5

201 1187 418 1272 superiorum
436 1199 636 1271 temporum
654 1185 822 1271 pervenit.
872 1185 948 1250 Viri
966 1185 1000 1250 in
1018 1191 1146 1251 uxores
1164 1191 1267 1251 stcuti

202 1298 235 1362 in
261 1299 388 1363 liberos
414 1303 504 1363 vitae
530 1296 693 1379 necisque
720 1295 849 1361 habent
876 1301 1100 1379 potestatem
1127 1305 1160 1359 et
1187 1315 1267 1359 cum

205 1419 303 1491 pater
320 1405 467 1472 lamiliae
484 1405 683 1471 inlustriore
701 1405 780 1470 locu
799 1411 903 1470 natus
920 1404 1079 1482 decessit,
1098 1404 1171 1470 eius
1190 1426 1269 1489 pro-

204 1515 323 1600 pinqui
346 1515 558 1581 conveniunt
580 1524 615 1580 et
639 1515 682 1580 de
705 1524 827 1590 morte,
852 1519 879 1578 si
902 1512 1012 1578 resin
1035 1512 1268 1598 suspicionem

200 1623 305 1702 venit,
322 1624 365 1690 de
380 1623 548 1689 uxuribus
562 1624 597 1688 in
612 1623 771 1688 servilem
787 1622 932 1687 modum
949 1620 1190 1705 quaestionem
1207 1621 1265 1685 ha·
1287 1655 1317 1690 ιο

200 1734 293 1810 bent,
310 1744 344 1799 et
361 1739 389 1798 si
405 1744 624 1816 compertum
642 1742 705 1809 est,
721 1736 796 1816 igni
813 1739 917 1813 atque
933 1728 1097 1795 omnibus
1115 1739 1267 1794 tormen-

199 1849 242 1908 tis
255 1843 470 1909 excruciatas
483 1841 704 1907 interficiunt.
756 1839 892 1904 Funera
905 1849 985 1904 sunt
1000 1844 1063 1922 pro
1078 1839 1173 1903 cultu
1188 1837 1267 1903 Gal-

201 1953 313 2017 lorum
338 1951 524 2036 mugnifica
549 1961 582 2016 et
608 1955 828 2034 sumptuosa;
853 1947 1040 2030 omniaque
1066 1968 1153 2030 quae
1181 1953 1266 2012 vivis

200 2062 296 2126 cordi
319 2061 423 2126 luisse
446 2060 656 2126 arbitrantur
679 2060 713 2123 in
736 2065 856 2144 ignem
878 2057 1042 2134 inferunt,
1067 2057 1171 2123 etiam
1195 2056 1265 2122 ani-

199 2170 314 2248 malia3
331 2176 371 2235 uc
388 2171 492 2255 paulu
508 2175 612 2254 supra
629 2169 716 2234 hanc
731 2167 937 2233 memoriam
955 2172 1044 2231 servi
1061 2177 1095 2232 et
1113 2166 1265 2243 clientes
1286 2201 1315 2251 15

199 2286 288 2365 quos
312 2281 355 2345 ab
380 2285 428 2345 eis
453 2279 599 2344 dilectos
623 2299 697 2344 esse
722 2277 915 2354 cunstabat,
941 2275 1039 2342 iustis
1064 2274 1266 2342 funebribus

199 2388 366 2454 conlectIs
381 2394 451 2454 una
466 2387 719 2453 cremabantur.

390 2527 514 2580 Rumors
525 2525 599 2580 have
610 2531 639 2580 to
650 2525 680 2579 be
691 2526 826 2596 reported
833 2531 862 2580 to
874 2527 1067 2598 magistrates.

267 2635 367 2719 Quae
387 2634 543 2700 civitates
563 2634 782 2700 commodius
802 2656 899 2701 suam
919 2657 992 2702 rem
1012 2635 1186 2722 publicam
1206 2636 1265 2702 ad·
1282 2652 1325 2704 20

198 2744 392 2809 ministrare
406 2743 652 2810 existimantur
664 2744 793 2810 babent
808 2745 943 2832 legibus
957 2753 1128 2826 sanctum,
1145 2746 1263 2832 siquis

198 2853 280 2936 quid
297 2853 341 2920 de
356 2860 392 2918 re
408 2853 546 2937 publica
560 2859 580 2918 a
595 2853 750 2920 finitimis
766 2860 905 2921 rumure
921 2861 961 2921 ac
976 2855 1068 2922 famu
1084 2855 1265 2940 acceperit,
1284 2880 1317 2916 20

199 2967 248 3027 nti
265 2961 307 3027 ad
325 2962 569 3047 magistrutum
586 2963 716 3029 delerat
733 2970 820 3031 neve
836 2986 917 3030 cum
935 2971 1006 3049 quo
1023 2965 1091 3031 aliu
1109 2971 1265 3031 commu-

198 3071 306 3148 nicet;
331 3073 425 3156 quod
443 3093 544 3157 saepe
562 3073 720 3140 homines
739 3075 942 3141 temerarios
959 3086 1065 3161 atque
1083 3075 1264 3161 imperitus

199 3181 290 3246 falsis
307 3183 504 3248 rumuribus
520 3189 639 3249 terreri
656 3195 690 3250 et
706 3183 749 3249 ad
766 3185 898 3250 lacinus
915 3185 1044 3269 impelli
1061 3196 1094 3251 et
1112 3186 1155 3251 <le
1173 3206 1265 3251 sum-

199 3296 263 3354 mis
285 3291 387 3356 rebus
410 3291 592 3356 cunsilium
616 3313 738 3376 capere
760 3293 943 3378 cugnitum
966 3304 1027 3359 est.
1079 3294 1265 3379 Magistra-

198 3405 254 3464 tus
274 3421 362 3484 quae
382 3407 455 3466 visa
473 3411 553 3466 sunt
574 3401 762 3478 occultant,
784 3423 871 3485 quae
892 3423 965 3469 esse
986 3425 1030 3469 ex
1051 3409 1116 3469 usu
1137 3404 1265 3470 indica·
1284 3428 1314 3477 25

198 3515 322 3575 verunt
350 3509 564 3575 multitudini
590 3509 753 3594 produnt.
805 3511 860 3576 De
887 3517 923 3576 re
950 3511 1087 3596 publica
1114 3512 1178 3578 nisi
1204 3534 1266 3598 per

198 3618 383 3684 concilium
403 3619 499 3702 loqui
517 3625 587 3684 nun
607 3619 820 3685 conceditur.

532 3739 659 3794 Customs
669 3741 706 3812 os
720 3739 767 3793 the
781 3741 929 3796 Germans.

266 3845 430 3912 Germuni
460 3847 609 3913 multum
638 3847 681 3912 ab
710 3846 774 3913 haic
805 3849 1057 3916 cunsuetudine
1086 3849 1262 3916 differunt.
1281 3866 1321 3917 21

199 3955 290 4020 Nam
312 3977 425 4040 neque
447 3955 587 4022 druides
609 3956 737 4022 habent
759 3963 818 4042 qui
841 3957 943 4022 rebus
966 3957 1089 4024 divinis
1113 3959 1263 4044 praesint
