3000 4456
266 393 305 455 ¹4
652 377 764 432 sarm
791 379 950 433 cremer

262 555 415 641 gistratu
435 557 667 624 Haeduorum
686 566 918 639 accusaretur,
939 559 1023 626 satis
1042 581 1117 627 esse
1136 582 1260 628 causae
1279 583 1331 627 ar-

263 664 467 746 bitrabatur,
490 673 597 751 quare
617 667 652 733 in
674 689 754 734 eum
775 680 836 734 aut
859 668 931 755 ipse
953 669 1246 738 animadverteret
1269 681 1329 738 aut

262 775 442 841 civitatem
461 776 735 844 animadvertere
754 778 899 844 iuberet.

335 884 402 949 His
424 884 586 951 omnibus
608 886 710 952 rebus
731 892 841 953 tinum
863 887 1091 974 repugnabat,
1114 889 1210 973 quod
1233 887 1330 954 Divi-

229 1012 242 1062 5
261 992 346 1058 ciirci
366 992 480 1060 fratris
500 1015 675 1062 summum
696 994 730 1061 in
751 998 922 1082 populum
943 997 1144 1064 Romanum
1165 998 1328 1079 studium,

261 1123 433 1168 summam
452 1103 487 1168 in
506 1111 542 1170 se
561 1105 793 1184 voluntatem,
813 1106 991 1192 egregiam
1013 1107 1126 1185 fidem,
1147 1107 1328 1188 iustitiam,

261 1211 526 1296 temperantiam
542 1219 771 1297 cognoverat;
787 1234 879 1292 nam,
896 1213 1028 1280 ne'eius
1043 1214 1214 1298 supplicio
1232 1215 1327 1281 Divi-

259 1321 344 1387 ciaci
358 1321 512 1388 animum
527 1321 730 1401 offenderet,
738 1323 932 1390 verebatur.
973 1324 1098 1409 Itaque
1113 1323 1207 1409 prius
1222 1347 1327 1410 quam

260 1429 446 1515 quicquam
462 1437 658 1511 conaretur,
676 1431 894 1498 Diviciacum
910 1433 952 1500 ad
970 1440 1006 1499 se
1022 1440 1140 1499 vocari
1155 1433 1262 1514 iubet,
1279 1446 1325 1514 et,

211 1560 243 1597 10
260 1540 443 1607 cotidianis
458 1540 703 1625 interpretibus
719 1547 873 1620 remotis
889 1562 950 1625 per
966 1541 1004 1609 C.
1022 1542 1200 1608 Valerium
1216 1542 1327 1610 Trou-

258 1649 385 1728 cillum‚
406 1650 596 1734 principem
616 1649 746 1716 Galliae
765 1651 973 1736 provinciae,
994 1652 1197 1720 familiarem
1216 1675 1328 1734 suum,

260 1758 315 1824 cui
341 1781 513 1824 summam
538 1758 696 1826 omnium
721 1767 836 1826 rerum
861 1761 966 1827 fidem
992 1761 1154 1842 habebat,
1181 1785 1262 1829 cum
1287 1770 1329 1830 eo

258 1868 496 1952 conloquitur;
516 1868 617 1934 simul
638 1871 919 1950 commonefacit,
941 1892 1030 1956 quae
1050 1871 1126 1956 ipso
1147 1884 1328 1956 praesente

259 1977 293 2041 in
319 1977 468 2043 concilio
499 1976 715 2063 [Gallorum]
748 1979 791 2045 de
818 1980 1039 2066 Dumnorige
1064 1980 1133 2047 sint
1161 1980 1264 2058 dicta,
1292 1991 1326 2046 et

211 2107 239 2157 1⁵
259 2086 425 2165 ostendit,
442 2108 530 2172 quae
545 2087 732 2172 ‘separatim
747 2089 893 2173 quisque
909 2089 951 2154 de
966 2095 1008 2154 eo
1024 2089 1116 2172 apud
1132 2094 1168 2154 se
1185 2089 1328 2167 dixerit;

259 2195 348 2280 petit
368 2206 473 2280 atque
492 2195 665 2274 hortatur,
688 2207 726 2262 ut
748 2197 820 2262 sine
840 2197 913 2263 eius
933 2196 1128 2262 offensione
1148 2196 1254 2262 animi
1274 2198 1327 2263 vel

258 2305 331 2389 ipse
347 2306 390 2372 de
407 2311 460 2384 eri,
477 2312 581 2371 causa
597 2305 749 2390 cogniti,
768 2315 895 2372 statuat
913 2306 965 2370 vel
982 2304 1157 2371 civitatem
1175 2316 1325 2372 statuere

258 2414 386 2482 iubeat.

428 2606 597 2660 Dumnorix
609 2605 635 2656 is
641 2602 855 2675 pardonedsor
867 2603 1041 2659 Diviciacus
1049 2605 1070 2660 's
1080 2607 1156 2663 sake.

199 2771 242 2825 20
330 2752 528 2819 Diviciacus
562 2753 682 2818 multis
717 2774 796 2818 cum
831 2752 979 2819 lacrimis
1014 2753 1197 2819 Caesarem
1232 2774 1327 2818 com-

208 2894 241 2931 20
259 2864 382 2950 plexus
396 2864 576 2928 obsecrare
592 2862 719 2947 coepit,
736 2862 875 2946 nequid
891 2861 1032 2947 gravius
1047 2862 1081 2927 in
1098 2862 1240 2928 fratrem
1257 2873 1325 2927 sta-

262 2983 392 3039 tueret:
418 2971 512 3038 Scire
538 2978 573 3038 se
597 2971 652 3038 illa
676 2994 750 3038 esse
775 2979 865 3050 vera,
890 2993 955 3037 nec
979 2991 1189 3056 quemquam
1215 2993 1260 3036 ex
1283 2976 1326 3035 eo

259 3083 335 3166 plus
353 3103 457 3165 quam
476 3088 512 3147 se
529 3081 659 3148 doloris
677 3103 809 3167 capere,
828 3087 1013 3166 propterea
1032 3082 1137 3166 quod,
1157 3079 1328 3165 cumipse

258 3189 372 3274 gratia
388 3190 576 3275 plurimum
592 3193 688 3257 domi
703 3203 807 3278 atque
822 3191 856 3257 in
873 3191 1003 3277 reliqua
1020 3190 1138 3270 Gallia,
1157 3191 1212 3256 ille
1228 3189 1327 3256 mini-

259 3320 356 3364 mum
380 3311 525 3384 propter
549 3302 821 3368 adulescentiam
847 3313 976 3387 posset,
1003 3322 1064 3386 per
1089 3307 1124 3366 se
1149 3299 1327 3376 crevissem

208 3437 238 3488 25
259 3407 384 3492 quibus
401 3409 526 3493 opibus
542 3416 581 3477 ac
598 3417 712 3476 nervis
729 3417 799 3476 nou
817 3411 929 3478 solum
947 3411 989 3476 ad
1008 3410 1232 3476 minuendam
1249 3413 1328 3494 grai-

260 3517 355 3597 tiam,
384 3519 443 3584 sed
471 3540 578 3603 paene
605 3520 648 3586 ad
675 3520 862 3605 perniciem
889 3542 986 3586 suam
1014 3526 1182 3586 uteretur.
1244 3518 1327 3585 Sese

260 3636 377 3693 tamen
400 3637 434 3693 et
456 3633 573 3692 amore
596 3628 749 3694 fraterno
772 3640 806 3694 et
830 3627 1091 3694 existimatione
1113 3629 1209 3713 vulgi
1232 3648 1327 3693 com-

258 3743 400 3803 moveri.
452 3738 559 3822 Quod
579 3743 606 3802 si
623 3737 705 3822 quid
724 3744 754 3802 ei
772 3743 791 3802 a
810 3736 956 3803 Caesare
974 3736 1114 3821 gravius
1132 3737 1324 3814 accidisset,

259 3868 338 3912 cum
360 3847 431 3932 ipse
452 3867 532 3912 eum
552 3846 669 3912 locum
690 3846 862 3911 amicitiae
883 3846 975 3930 apud
997 3867 1078 3911 eum
1100 3852 1245 3925 teneret,
1268 3852 1326 3910 ne-

208 3989 241 4037 30
259 3957 388 4024 minem
409 3957 690 4023 existimaturum
712 3962 782 4021 uon
804 3961 865 4021 sua
885 3955 1068 4021 voluntate
1090 3954 1237 4032 iactum;
1259 3959 1328 4038 qua
