3014 4452
520 363 638 418 LIBER
665 363 728 418 Vll.
756 361 839 418 CAP.
865 359 978 432 78—79.
1222 375 1285 446 219

216 543 280 610 nisi
309 542 440 615 invidie
468 544 619 636 adducti,
650 549 739 628 ques
768 543 858 608 ieme
890 541 1022 607 nebiles
1053 546 1284 624 potentesque

215 654 306 719 belle
322 644 577 737 cognoverunt,
593 653 719 717 herum
735 652 769 717 in
785 657 876 736 agris
892 649 1157 733 civitatibusque
1172 653 1284 714 censi-

215 763 296 854 dere
311 773 416 846 atque
430 761 484 825 his
499 773 675 827 aeternam
691 761 872 846 iniungere
889 757 1111 825 servitutem?
1160 758 1284 842 Neque

216 871 308 937 enim
329 891 495 955 umquam
515 870 580 936 alie
599 869 805 935 condiciene
826 869 914 934 bella
933 874 1125 953 gesserunt.
1176 866 1283 952 Quod

216 987 244 1046 si
258 1002 308 1059 ea,
324 1002 412 1065 quae
427 981 461 1045 in
476 980 678 1064 longinquis
693 978 892 1045 naitienibus
907 988 1087 1063 geruntur,
1102 976 1283 1062 igneretis,
1304 1004 1316 1054 5

216 1089 374 1173 respicite
388 1089 571 1155 finitimam
588 1087 734 1155 Galliam
751 1108 838 1172 quae
854 1087 888 1153 in
904 1069 1118 1170 previnciam
1135 1086 1284 1164 redaicta,

216 1199 289 1265 iirre
304 1209 338 1264 et
353 1199 488 1284 legibus
503 1203 739 1290 commetetiS,
754 1195 932 1262 securibus
948 1195 1103 1262 subiecta
1117 1202 1285 1280 perpetue

218 1308 386 1393 premitur
404 1306 602 1374 servitrite.”
873 1309 878 1319 '

219 1479 279 1535 The
297 1479 481 1534 inhabitants
501 1481 537 1551 of
553 1478 693 1533 thetmari
712 1497 765 1533 are
782 1479 886 1533 driven
908 1484 964 1540 out,
984 1478 1035 1532 but
1053 1480 1160 1533 Caesar
1177 1480 1287 1550 refuses

558 1631 562 1640 ι
615 1573 644 1621 to
661 1567 699 1621 let
716 1567 792 1621 them
805 1570 885 1637 pass.

286 1683 474 1751 Sententiis
501 1683 602 1750 dictis
629 1683 847 1750 censtituunt
875 1693 913 1748 ut
941 1689 972 1749 ei
999 1689 1058 1767 qui
1086 1682 1283 1748 valetudine
1302 1688 1344 1770 78

221 1805 280 1860 aut
304 1801 421 1861 aetete
443 1792 583 1860 imitiles
605 1793 674 1860 sint
699 1794 789 1860 belle
813 1793 945 1878 oppidi>
969 1793 1153 1873 excedant,
1179 1804 1286 1878 atque
1306 1822 1336 1859 ιο

218 1904 335 1970 omnia
358 1904 453 1989 prius
478 1903 701 1988 experiantur
724 1923 830 1988 quam
854 1901 897 1968 ad
924 1901 1122 1986 Critegmiti
1147 1911 1284 1967 senten·

217 2013 300 2079 tiam
315 2014 527 2080 descendant
533 2035 541 2092 3
557 2013 615 2079 ille
631 2024 748 2080 tamen
763 2013 880 2098 potius
896 2013 1066 2080 iitendum
1083 2012 1240 2090 censilir'),
1257 2017 1284 2077 si

220 2129 274 2189 res
291 2129 397 2210 cegat
416 2135 523 2209 atque
539 2123 668 2190 auxilia
684 2135 876 2203 morentur,
895 2145 1000 2209 quam
1018 2134 1079 2190 aut
1097 2121 1286 2189 deditionis

220 2244 280 2299 aut
298 2233 391 2318 pecis
407 2234 623 2300 subeundam
641 2234 893 2300 condicienem.
938 2233 1131 2311 Mandubii,
1150 2239 1209 2318 qui
1227 2238 1287 2298 ees

222 2341 353 2426 oppide
379 2349 591 2427 receperant,
618 2365 699 2409 cum
724 2343 839 2409 liberis
864 2353 970 2429 atque
996 2343 1166 2409 uxeribus
1192 2348 1287 2409 exire
1306 2368 1335 2418 15

219 2456 404 2534 eriguntur.
430 2452 479 2517 Hi
492 2473 572 2516 cum
586 2451 628 2516 ad
642 2452 855 2518 mimitir'mes
869 2452 1112 2518 Remenrirum
1125 2451 1286 2518 accessis-

219 2569 306 2636 sent,
329 2559 450 2625 flentes
472 2561 633 2625 omnibus
655 2561 815 2645 precibus
837 2562 983 2627 erebant
1005 2572 1043 2627 ut
1065 2568 1102 2628 se
1124 2563 1158 2627 in
1182 2561 1286 2628 servi·

219 2674 329 2734 tritem
349 2675 507 2752 receptes
525 2669 604 2735 cibe
623 2669 791 2735 iuverent.
840 2670 888 2736 At
909 2670 1036 2736 Caesar
1055 2672 1231 2756 dispositis
1251 2672 1285 2737 in

218 2777 309 2844 velle
332 2777 502 2845 custediIs
525 2777 630 2863 recipi
654 2778 872 2863 prohibebat.

495 2949 627 3004 Arrt'val
641 2951 677 3022 eff
690 2949 739 3003 the
755 2949 899 3022 relievup
916 2967 1008 3023 army.

289 3075 425 3144 interce
447 3076 628 3143 Commius
650 3076 841 3160 reliquique
863 3077 979 3156 duces,
1002 3076 1128 3163 quibus
1150 3096 1286 3142 summa
1304 3096 1346 3166 79

219 3183 340 3270 imperi
360 3185 526 3269 permissa
545 3197 627 3266 erat,
650 3209 730 3253 cum
751 3187 915 3254 omnibus
936 3188 1046 3273 cepiis
1066 3189 1110 3256 ad
1132 3186 1286 3253 Alesiam

218 3295 435 3378 perveniunt,
464 3307 499 3362 et
526 3297 613 3362 colle
642 3297 815 3363 exteriere
843 3304 1017 3381 occupete
1046 3303 1117 3363 nen
1146 3297 1286 3382 longius

218 3406 309 3470 mille
327 3405 484 3488 passibus
500 3412 521 3471 e
539 3413 666 3472 nostris
683 3406 937 3472 munitienibus
956 3408 1151 3474 censidunt.
1202 3408 1288 3472 Pos-

219 3520 294 3579 tere
315 3514 370 3580 die
389 3515 546 3598 equitetis
566 3538 610 3581 ex
631 3521 751 3582 castris
771 3515 899 3582 educte
919 3537 1061 3582 omnem
1082 3539 1157 3583 eam
1179 3517 1286 3602 pleni-

219 3623 314 3700 tiem,
336 3645 440 3708 quam
462 3624 497 3689 in
519 3623 775 3709 longiledinem
797 3626 891 3691 milia
912 3647 1076 3710 passuum
1100 3647 1146 3692 111
1169 3635 1286 3712 patere
1306 3657 1336 3707 25

218 3734 545 3812 (lemenstraivimus,
572 3735 761 3818 complent,
787 3735 1033 3820 pedestresque
1059 3737 1177 3821 cepies
1204 3759 1286 3822 pau-

219 3844 291 3908 lum
313 3844 356 3909 ab
379 3850 422 3910 ee
444 3845 523 3909 loce
546 3843 713 3910 abductes
736 3843 771 3908 in
793 3844 878 3910 locis
900 3845 1136 3930 superieribus
1160 3848 1287 3912 censti-

220 3963 333 4020 tuunt.
384 3953 468 4018 Erat
490 3975 534 4018 ex
556 3951 688 4036 oppide
711 3951 827 4017 Alesiai
849 3954 1033 4038 despectus
1055 3955 1089 4020 in
1113 3977 1285 4041 campum.
