3044 4442
528 373 719 427 L1BER1V.
746 375 829 428 cnr.
858 351 968 443 1'9-21.
1240 395 1281 462 93

215 575 280 638 pus
306 553 422 638 [anni]
448 554 492 619 ad
513 554 641 619 bellum
662 555 857 639 gerendum
876 554 1050 633 daficeret,
1071 568 1188 622 tamen
1210 562 1281 621 ma-

214 669 287 750 gno
308 662 372 728 sibi
394 668 471 728 usui
491 663 565 729 fore
585 663 827 742 arbitrabatur,
847 670 875 728 si
896 664 1005 729 modo
1024 665 1172 730 insulam
1193 665 1281 730 adis-

214 783 276 852 set,
298 793 411 858 genus
432 771 615 837 hominum
637 771 880 856 perspaxisset,
903 773 988 852 loca,
1012 780 1145 858 portus,
1167 773 1281 839 aditus

213 882 451 969 cognovisset;
478 902 566 966 quae
592 881 710 948 omnia
734 882 805 949 fere
832 882 937 949 Gallis
964 893 1060 950 erant
1088 883 1277 968 incognita.

214 993 337 1078 Neque
359 991 452 1058 enim
472 997 603 1057 temere
624 1002 760 1074 praeter
780 998 990 1059 mercatores
1012 992 1070 1059 illo
1093 993 1164 1058 adit
1187 993 1312 1076 quis-5

213 1124 328 1188 quam,
351 1123 464 1186 neque
486 1101 539 1166 his
562 1101 644 1186 ipsis
666 1101 852 1186 quicquam
874 1113 1010 1185 praeter
1031 1108 1128 1168 oram
1150 1102 1278 1168 mariti-

212 1233 304 1279 mam
317 1223 421 1297 atque
435 1218 493 1278 eas
505 1211 667 1295 regionas
680 1233 768 1296 quae
782 1222 862 1277 sunt
876 1218 998 1277 contra
1013 1211 1139 1278 Gallias
1155 1219 1278 1278 natum

212 1334 273 1389 est.
315 1323 437 1407 Itaque
453 1326 586 1389 vocatis
602 1321 644 1387 ad
662 1327 699 1387 sa
716 1320 869 1405 undique
887 1321 1147 1397 mercatoribus,
1166 1342 1279 1405 neque

211 1443 340 1517 quanta
352 1441 442 1498 esset
453 1432 585 1497 insulae
597 1429 817 1515 magnitudo,
832 1451 944 1514 neque
957 1451 1046 1513 quae
1057 1441 1115 1496 aut
1130 1441 1278 1514 quantae

213 1541 370 1608 nationes
393 1542 594 1617 incolerent,
618 1560 731 1624 neque
754 1560 858 1623 quem
882 1545 983 1604 risum
1007 1541 1087 1605 belli
1111 1541 1278 1606 haberent
1300 1570 1330 1606 ιο

213 1663 272 1717 aut
299 1651 425 1735 quibus
450 1651 617 1718 institutis
645 1655 835 1726 uterentur,
863 1669 976 1732 neque
1004 1655 1064 1731 qui
1091 1660 1205 1715 essent
1234 1650 1277 1715 ad

211 1761 379 1828 maiorem
399 1759 540 1827 navium
560 1757 820 1825 multitudinem
840 1756 957 1823 idonei
976 1763 1109 1840 portus,
1129 1765 1278 1842 reperire

212 1881 359 1956 poterat.

275 2059 428 2115 Volusenus
440 2060 504 2114 and
513 2061 656 2114 Commt'us
668 2065 730 2113 sent
741 2075 777 2113 on
790 2058 1020 2130 reconnoumtgr
1031 2058 1214 2128 expeditum.

277 2201 333 2266 Ad
348 2201 432 2266 haec
446 2198 702 2285 cognascenda,
716 2199 916 2284 priusquam
932 2196 1123 2281 periculum
1138 2195 1276 2272 faceret,
1295 2210 1337 2266 21

210 2310 374 2376 idoneum
390 2331 464 2376 esse
479 2309 674 2387 arbitratus,
691 2308 729 2375 C.
746 2309 966 2374 Volusenum
981 2328 1061 2372 cum
1076 2312 1155 2371 navi
1171 2306 1277 2389 longa
1299 2332 1328 2381 ις

210 2419 410 2503 praemittit.
454 2418 549 2484 Huic
567 2418 707 2483 mandat
727 2428 763 2483 ut
783 2418 973 2501 exploratis
992 2417 1156 2482 omnibus
1175 2417 1277 2481 rebus

212 2529 255 2595 ad
281 2535 317 2594 se
342 2549 446 2612 quam
473 2534 623 2611 primum
649 2533 850 2592 revertatur.
903 2527 982 2610 Ipse
1008 2549 1087 2592 cum
1114 2521 1277 2592 omnibus

210 2637 318 2722 capiis
333 2637 367 2702 in
386 2637 547 2702 Morinos
564 2635 803 2720 proficiscitur,
821 2636 916 2720 quod
934 2635 1014 2702 inde
1032 2647 1103 2701 erat
1119 2633 1277 2701 brevissi-

211 2768 288 2813 mus
308 2747 343 2812 in
365 2746 579 2812 Britanniam
602 2747 775 2812 traiectus
823 2746 905 2812 Huc
928 2753 1034 2812 naves
1056 2729 1209 2828 undique
1232 2765 1276 2809 ex

209 2856 364 2922 finitimis
382 2856 595 2942 regionibus
614 2866 658 2934 et,
678 2878 782 2940 quam
801 2855 979 2942 superiore
997 2862 1127 2921 aestate
1146 2855 1188 2920 ad
1207 2855 1276 2919 Ve-
1296 2881 1328 2918 20

211 2967 363 3033 neticum
386 2967 515 3031 bellum
538 2965 665 3032 fecerat
689 2967 843 3044 classem,
866 2967 963 3032 iubet
987 2971 1182 3030 convenire.

279 3075 423 3141 Interim
452 3075 597 3140 consilio
628 3074 702 3141 eius
733 3077 877 3160 cognita
909 3087 942 3140 et
973 3095 1036 3158 per
1066 3078 1277 3139 mercatores

211 3186 344 3270 perlato
369 3186 411 3250 ad
440 3184 636 3259 Britanniis,
662 3192 683 3251 a
709 3185 947 3268 complaribus
971 3185 1103 3249 insulae
1131 3182 1276 3248 eivitati-

205 3296 274 3360 'bus
288 3296 330 3360 ad
346 3317 427 3361 eum
441 3296 547 3380 legati
562 3294 705 3360 veniunt
722 3300 782 3378 qui
797 3293 1025 3377 polliceantur
1040 3293 1179 3359 obsides
1195 3293 1276 3358 dare

210 3415 314 3488 atque
339 3405 486 3489 imperio
511 3406 632 3489 populi
658 3405 810 3469 Romani
835 3404 1085 3487 obtemperare.
1137 3401 1276 3487 Quibus
1296 3428 1326 3478 25

210 3515 335 3580 auditis
357 3515 544 3580 liberaliter
566 3513 740 3598 pollicitus
763 3513 991 3596 hortatusque
1016 3523 1053 3578 ut
1078 3512 1113 3578 in
1137 3519 1177 3578 ea
1200 3533 1276 3578 sen-

211 3623 319 3690 tentia
344 3629 598 3708 permanerent,
623 3629 684 3688 eos
709 3622 855 3687 domum
881 3621 1035 3700 remittit,
1062 3633 1095 3688 et
1121 3643 1201 3688 cum
1227 3627 1276 3686 eis

208 3737 277 3799 ima
292 3732 505 3810 Commium,
521 3753 624 3816 quem
641 3731 714 3816 ipse
730 3731 956 3797 Atrebatibus
971 3737 1140 3815 superatis
1156 3737 1276 3816 regem

209 3841 255 3908 ibi
275 3843 514 3916 constituerat,
535 3842 632 3907 caius
653 3853 686 3907 et
707 3841 870 3907 virtatem
893 3851 926 3907 et
948 3841 1131 3906 consilium
1152 3841 1276 3924 proba-

210 3951 268 4017 bat
294 3961 328 4016 et
355 3972 459 4035 quem
487 3950 549 4016 sibi
576 3951 714 4017 fidelem
741 3973 814 4016 esse
840 3950 1080 4026 arbitrabatur,
1108 3950 1275 4034 cuiusque
1296 3979 1327 4027 30
