3000 4456
259 370 300 432 42
644 352 757 405 BELLI
783 352 942 405 GALLlCl

264 553 323 598 um
348 532 505 616 logatum
531 530 635 596 misit.
687 531 776 616 Ipse,
802 551 882 596 cum
908 536 1058 616 primum
1084 530 1202 616 pabuli
1227 529 1329 624 copia

263 663 336 708 esse
354 639 530 726 inciperet,
548 640 592 707 ad
611 639 805 707 exercitum
823 639 929 706 vonit.
973 640 1044 706 Dat
1065 638 1250 725 negotium
1269 639 1328 706 Se-

262 749 411 816 nonibus
428 749 636 836 reliquisque
653 749 760 816 Gallis
777 755 836 834 qui
853 749 993 816 finitimi
1013 747 1129 834 Belgis
1146 759 1255 828 erant,
1273 755 1326 816 uti

264 881 303 926 ea
327 880 415 944 quae
438 859 531 945 apud
555 863 616 926 eos
639 869 809 945 gerantur
832 863 1049 944 cognoscant
1076 864 1181 942 soque
1207 858 1250 925 de
1275 857 1327 924 his

228 993 241 1045 5
264 968 366 1034 robus
385 968 570 1034 certiorem
590 967 727 1034 faciant.
773 967 823 1033 Hi
843 973 1048 1033 constanter
1068 973 1190 1032 omnos
1211 966 1328 1032 nonti-

263 1084 409 1144 ovorunt
434 1083 557 1143 manos
580 1082 671 1163 cogi,
695 1075 889 1143 exercitum
913 1075 947 1140 in
971 1081 1081 1141 onum
1104 1076 1221 1142 locum
1244 1098 1327 1142 con-

263 1187 352 1253 doci.
394 1186 486 1252 Tum
501 1192 584 1253 voro
601 1185 835 1253 dubitandum
851 1191 922 1251 non
939 1184 1164 1264 existimavit,
1183 1191 1266 1271 quin
1283 1167 1330 1252 ad

260 1303 321 1363 eos
353 1296 639 1382 proficiscerotur.
701 1295 754 1362 Re
787 1294 1011 1360 fromentoria
1045 1300 1184 1379 proviso
1217 1305 1327 1361 castra

264 1418 382 1473 movet
408 1405 599 1491 diobusque
623 1403 758 1471 circiter
782 1423 834 1469 xv
857 1403 901 1470 ad
926 1402 1013 1469 linos
1040 1383 1227 1489 Belgorum
1252 1425 1327 1488 per-

263 1514 366 1582 venit.

594 1599 769 1656 Submt'sst'on
786 1601 823 1674 qs
836 1597 885 1652 the
902 1599 994 1653 Remi.

200 1734 222 1800 3
332 1713 386 1779 Eo
401 1735 481 1779 cum
497 1714 540 1779 do
555 1712 745 1798 improviso
760 1710 972 1795 celeriusque
988 1710 1146 1776 omnium
1163 1709 1328 1795 opinione

263 1821 424 1900 vonisset,
445 1822 556 1901 Romi,
576 1827 635 1906 qui
652 1821 804 1907 proximi
822 1819 953 1886 Galliae
970 1842 1015 1886 ex
1035 1820 1153 1905 Belgis
1171 1831 1264 1899 sunt,
1283 1820 1327 1886 ad

262 1953 341 1999 eum
358 1932 497 2017 logatos
514 1930 646 1997 Iccium
664 1942 698 1997 et
716 1930 994 2016 Andebrogium,
1013 1936 1145 2015 primos
1163 1929 1326 2009 civitotis

263 2047 440 2119 misorunt,
455 2047 515 2126 qui
529 2041 698 2107 dicerent:
714 2040 759 2107 Se
773 2061 903 2125 suaque
918 2039 1036 2106 omnia
1050 2039 1086 2104 in
1101 2039 1205 2106 fidem
1220 2050 1327 2124 atque

211 2179 240 2229 15
261 2157 475 2235 potestotem
496 2151 617 2236 populi
639 2149 790 2216 Romoni
811 2149 1028 2235 permittere;
1053 2171 1165 2234 neque
1187 2156 1223 2216 so
1245 2171 1325 2216 cum

262 2259 401 2345 reliquis
422 2259 539 2345 Belgis
557 2259 772 2326 consonsisse
791 2281 903 2345 neque
922 2265 1047 2326 contro
1065 2260 1236 2345 populum
1256 2260 1328 2326 Ro·

263 2375 405 2435 manum
425 2368 633 2448 conitirosse,
654 2374 863 2454 parotosque
883 2391 957 2436 esse
976 2381 1010 2436 et
1031 2369 1170 2436 obsidos
1190 2371 1271 2437 dare
1291 2379 1325 2436 et

262 2477 432 2563 impertita
451 2477 562 2545 lacere
581 2489 615 2545 et
635 2477 772 2563 oppidis
792 2477 943 2563 recipere
963 2489 997 2546 et
1019 2479 1197 2547 fromento
1218 2487 1327 2546 coter-

261 2593 359 2672 isque
372 2587 474 2653 robus
487 2585 619 2666 iuvare;
633 2586 782 2672 reliquos
797 2593 920 2654 omnos
936 2587 1061 2674 Belgas
1075 2589 1109 2654 in
1124 2596 1228 2656 armIs
1242 2611 1325 2667 esse,

210 2731 242 2769 20
264 2695 536 2782 Geminosque,
557 2703 617 2782 qui
636 2696 685 2763 cis
705 2698 868 2765 Rhonum
889 2699 1055 2780 incolant,
1078 2707 1152 2768 soso
1173 2722 1253 2768 cum
1273 2699 1326 2765 his

262 2805 494 2886 conionxisse,
517 2817 726 2892 tantumque
746 2830 820 2875 esse
840 2814 962 2876 eorum
984 2808 1140 2876 omnium
1162 2811 1324 2890 furorem,

262 2926 301 2981 ut
333 2923 376 2982 no
407 2915 609 2982 Suessiones
640 2915 789 3001 quidem,
822 2917 945 2984 irotros
976 2918 1326 3005 consanguineosque

263 3031 355 3103 suos,
377 3031 436 3110 qui
457 3025 580 3092 eodem
601 3024 674 3092 iore
694 3036 728 3093 et
748 3025 858 3092 isdem
880 3027 1015 3113 logibus
1036 3035 1193 3109 otantur,
1216 3036 1325 3096 onum

263 3132 446 3218 imperium
472 3140 649 3219 imumque
674 3134 922 3220 magistratum
948 3159 1028 3203 cum
1054 3137 1137 3223 ipsis
1162 3140 1325 3218 habeant,

209 3280 239 3330 25
262 3244 436 3310 doterrore
451 3241 639 3327 potuerint,
657 3249 739 3328 quin
756 3265 836 3310 cum
852 3246 905 3311 his
920 3253 1169 3314 consentirent.

283 3385 342 3441 The
358 3387 457 3457 origin
476 3388 539 3440 and
545 3389 645 3459 forces
662 3390 697 3460 of
712 3389 760 3444 the
777 3390 884 3462 Belgae
901 3408 935 3445 as
952 3391 1087 3463 reported
1101 3391 1134 3462 by
1151 3389 1199 3447 tlte
1216 3391 1308 3445 Remi.

220 3522 241 3587 4
331 3495 421 3562 Cum
439 3496 481 3562 ab
499 3503 546 3564 eis
563 3510 752 3582 quaereret,
772 3522 860 3585 quae
877 3501 1039 3568 civitotos
1056 3513 1275 3587 quantaeque
1291 3499 1326 3563 in

260 3612 364 3672 armis
389 3616 502 3672 essent
527 3618 561 3673 et
586 3606 668 3691 quid
694 3607 728 3673 in
753 3609 844 3676 bello
868 3621 1021 3696 possent,
1047 3617 1095 3677 sic
1120 3611 1325 3697 reperiobat:

261 3717 444 3801 plorosque
471 3715 597 3802 Belgis
621 3738 695 3784 esse
719 3725 816 3785 ortos
840 3727 860 3785 o
885 3719 1067 3786 Germanis
1093 3721 1325 3804 Rhonumque

262 3825 455 3912 antiquitus
477 3827 660 3893 troductos
681 3836 826 3913 propter
847 3828 915 3894 loci
936 3828 1154 3894 fertilitotem
1175 3828 1221 3893 ibi
1243 3833 1326 3895 con-

210 3975 241 4024 30
262 3937 390 4005 sodisse
422 3936 610 4022 Gallosque
641 3943 701 4021 qui
731 3957 770 4002 ea
800 3936 877 4002 loca
908 3936 1110 4016 incolerent,
1142 3937 1324 4023 expulisse,
