3044 4442
530 381 649 436 LIBER
677 384 726 439 111.
755 382 839 437 CAP.
865 393 976 450 23-25.
1247 395 1289 466 77

223 561 382 628 obsidere
409 573 443 628 et
471 569 590 628 castris
618 561 700 627 satis
727 560 874 646 praesidi
903 560 1106 645 relinquere,
1135 560 1181 627 ob
1209 581 1286 628 eam

223 691 361 736 causam
386 671 500 735 minus
526 671 714 736 commoda
739 670 953 736 framentum
980 676 1286 753 commeatumque

222 778 284 844 sibi
304 785 513 863 supportari,
533 779 568 844 in
588 778 662 845 dies
681 778 836 846 hostium
855 799 1040 845 numerum
1061 785 1192 865 augeri,
1214 785 1286 844 nan

220 886 455 953 cunctandum
475 889 697 968 existimavit,
718 895 801 972 quin
821 895 941 975 pugna
960 887 1161 955 decertaret.
1206 887 1286 954 Hac

222 1002 258 1062 re
278 997 320 1062 ad
343 997 527 1062 cansilium
548 997 673 1076 delata,
696 997 755 1063 ubi
778 1004 900 1064 omnes
923 998 1015 1064 idem
1037 1003 1164 1064 sentire
1187 997 1319 1081 intel-5

220 1104 314 1183 laxit,
336 1116 515 1190 posterum
534 1106 626 1172 diem
645 1112 785 1193 pugnae
804 1105 995 1173 canstituit.

335 1279 380 1332 As
391 1277 440 1332 the
449 1295 546 1349 enemy
556 1281 670 1333 remain
683 1281 715 1332 in
728 1279 807 1333 their
818 1283 910 1350 camp,
925 1280 1046 1334 Crassus
1057 1278 1170 1334 attacks

665 1366 740 1420 them
753 1366 839 1423 there.

290 1475 407 1542 Prima
432 1478 507 1543 luce
531 1477 711 1562 praductis
736 1477 899 1543 omnibus
925 1476 1034 1562 capiis
1058 1476 1187 1563 duplici
1211 1475 1284 1544 acie
1303 1497 1346 1564 ²4

218 1586 388 1664 institata,
422 1586 558 1652 auxiliis
592 1586 626 1651 in
661 1586 812 1652 mediam
845 1586 955 1652 aciem
989 1587 1166 1665 coniectis,
1201 1586 1284 1671 quid

220 1694 337 1759 hostes
359 1695 480 1760 cdnsili
502 1705 664 1779 caperent
686 1696 922 1780 exspectabat.
970 1696 1034 1774 Illi,
1056 1702 1120 1762 etsi
1142 1705 1285 1781 propter

220 1804 479 1871 multitudinem
500 1816 534 1871 et
556 1816 710 1872 veterem
732 1806 813 1871 belli
834 1805 983 1891 glariam
1005 1805 1284 1890 paucitatemque
1306 1836 1337 1874 ιο

217 1919 417 1979 nostrorum
448 1921 485 1980 se
515 1919 593 1980 tata
623 1914 851 1981 dimicatt‘tras
881 1915 1137 1992 exIstimabant,
1169 1925 1286 1980 tamen

153 2099 157 2108 ¹
218 2023 327 2088 tatius
343 2044 417 2090 esse
433 2024 690 2092 arbitrabantur
706 2026 855 2091 obsessis
873 2023 946 2102 viis,
964 2031 1163 2092 commeatt't
1181 2024 1285 2091 inter-

216 2131 324 2210 clasa,
337 2131 410 2198 sine
421 2130 563 2200 vulnere
575 2133 722 2199 victaria
735 2138 839 2221 potiri
846 2155 853 2211 ;
878 2145 924 2212 et,
937 2135 965 2199 si
977 2144 1121 2218 propter
1131 2132 1285 2217 inopiam

220 2249 269 2310 rei
287 2242 531 2310 frumentariae
552 2245 704 2311 Ramani
725 2251 800 2311 sase
820 2244 972 2330 recipere
993 2244 1199 2328 coepissent,
1222 2244 1284 2309 im·

221 2353 357 2436 peditas
383 2354 417 2418 in
444 2354 584 2440 agmine
610 2365 645 2421 et
673 2355 737 2420 sub
765 2354 907 2420 sarcinis
931 2352 1140 2420 infirmiores
1166 2352 1284 2419 anima
1305 2385 1335 2435 ις

219 2462 345 2528 adoriri
367 2463 580 2549 cogitabant.
628 2464 711 2531 Hac
732 2464 878 2531 cansilia
901 2464 1050 2549 probata
1072 2463 1115 2529 ab
1137 2462 1284 2529 ducibus

219 2571 397 2656 praductis
430 2573 674 2639 Ramanarum
707 2573 816 2657 copiis
849 2578 923 2639 sesa
957 2578 1076 2638 castris
1108 2573 1282 2638 tenebant.

221 2680 298 2747 Hac
319 2687 355 2747 ra
376 2688 556 2766 perspecta
577 2681 733 2760 Crassus,
753 2702 833 2748 cum
854 2687 917 2774 sua
937 2681 1159 2747 cunctatiane
1179 2691 1285 2766 atque

221 2792 385 2876 opinione
410 2790 545 2856 timaris
570 2791 689 2857 hostas
716 2796 855 2856 nostras
881 2791 1007 2862 mssites
1032 2791 1215 2857 alacriaras
1239 2789 1283 2857 ad

219 2900 447 2984 pagnandum
468 2899 674 2977 effecissent,
695 2910 800 2985 atque
821 2899 979 2967 omnium
1001 2904 1105 2965 vocas
1125 2899 1284 2966 audiren-
1303 2927 1337 2966 eo

218 3019 275 3074 tur
304 3014 498 3093 exspectari
529 3007 658 3073 diatius
688 3015 760 3073 nan
791 3014 954 3099 oportare
984 3007 1142 3092 quin'ad
1173 3019 1285 3076 castra

218 3123 338 3194 iretur,
363 3116 567 3182 cohortatus
592 3123 674 3182 suas
700 3116 863 3182 omnibus
888 3115 1108 3202 cupientibus
1132 3116 1176 3183 ad
1203 3117 1284 3184 hos-

217 3226 306 3291 tium
320 3237 430 3292 castra
443 3226 632 3293 contendit.

503 3391 578 3463 They
588 3394 674 3446 resr'st
684 3392 868 3466 successfully
879 3397 913 3446 at
918 3393 999 3463 first.

287 3518 340 3584 Ibi
360 3541 440 3584 cum
460 3519 515 3585 alii
537 3519 645 3584 lossas
666 3520 892 3604 complarent
914 3518 970 3584 alii
989 3518 1108 3585 multis
1129 3521 1206 3585 talis
1226 3540 1284 3586 co
1300 3538 1343 3608 25

217 3628 338 3694 niectis
365 3628 563 3694 defensares
592 3629 683 3693 valla
710 3627 1032 3712 mimitianibusque
1061 3629 1283 3712 depellerent,
1302 3657 1332 3706 ²5

216 3738 479 3821 auxiliaresque,
499 3737 625 3822 quibus
643 3737 685 3802 ad
705 3743 860 3822 pagnam
879 3743 951 3802 non
970 3738 1120 3804 multum
1140 3738 1284 3804 Crassus

216 3846 425 3924 canlidebat,
457 3845 628 3930 lapidibus
659 3847 806 3932 telisque
837 3847 1140 3914 subministrandis
1171 3859 1206 3914 et
1239 3848 1282 3914 ad

216 3977 382 4042 aggerem
400 3956 610 4041 caespitibus
629 3958 893 4042 comportandis
912 3955 1064 4044 speciem
1082 3967 1189 4043 atque
1208 3965 1282 4044 opi-
