3000 4456
222 340 262 421 36
604 343 716 396 BELLl
743 345 901 399 GALLlCl

222 521 287 586 bus
313 520 392 586 feris
418 520 640 587 obiectorum
667 522 900 590 existimabat.
951 522 1286 593 Commodissimum

221 637 333 696 visum
361 639 413 695 est
442 629 480 696 C.
509 630 687 696 Valerium
717 631 915 711 Procillum,
944 633 982 700 C.
1013 634 1129 700 Valeri
1158 634 1286 702 Caburi

222 738 341 818 filium,
373 745 508 805 summo
538 738 670 806 virttite
699 751 733 806 et
765 739 986 809 homonitote
1016 742 1285 822 adulescentem,

221 849 318 915 ctiius
340 854 477 933 patero
499 848 537 915 C.
560 849 700 914 Valerio
723 849 847 916 Flacco
869 849 1008 916 civitate
1030 852 1180 917 donatus
1202 863 1285 931 erat,

186 973 199 1023 5
222 969 257 1025 et
275 968 420 1043 propter
434 957 540 1024 fidem
557 968 592 1023 et
608 969 753 1042 propter
768 957 908 1044 linguae
926 957 1077 1026 Gallicae
1096 959 1285 1041 scientiam,

221 1073 290 1152 quo
305 1068 414 1133 multo
430 1067 499 1132 iam
513 1066 714 1133 Ariovistus
731 1067 923 1153 longinquo
939 1067 1194 1136 consuetodine
1209 1075 1286 1136 oto-

219 1176 333 1255 batur,
347 1186 382 1242 et
396 1177 491 1261 quod
504 1176 538 1241 in
552 1183 594 1242 eo
607 1177 774 1262 peccandi
788 1176 970 1244 Germonis
983 1199 1086 1245 causa
1099 1184 1169 1243 non
1183 1189 1284 1258 esset,

220 1288 361 1352 adeum
378 1286 525 1365 mittere,
545 1297 578 1353 et
596 1291 666 1352 ono
684 1287 734 1352 M.
755 1287 916 1364 Metium,
935 1293 995 1371 qui
1012 1287 1164 1372 hospitio
1184 1288 1285 1354 Ario-

221 1394 302 1461 visti
319 1395 494 1462 otobotur.
538 1397 606 1461 HIs
623 1394 801 1462 mandavit
819 1407 858 1462 ut
878 1417 966 1481 quae
983 1397 1112 1462 diceret
1130 1395 1285 1463 Ariovis-

170 1529 201 1566 ιο
222 1515 289 1584 tus,
308 1511 562 1591 cognoscerent
583 1515 617 1571 et
637 1506 680 1571 ad
698 1511 735 1571 so
754 1504 929 1570 referrent.
974 1506 1075 1591 Quos
1093 1526 1174 1571 cum
1192 1507 1284 1590 apud

219 1622 256 1681 so
271 1615 305 1680 in
321 1621 440 1681 castris
455 1615 653 1681 Ariovistus
669 1614 919 1699 conspexisset,
936 1615 1090 1681 exercitii
1109 1622 1172 1681 suo
1189 1637 1284 1700 prae-

217 1736 314 1791 sente
342 1725 586 1791 conclomovit:
617 1723 713 1809 Quid
742 1724 785 1790 ad
816 1731 852 1791 se
882 1723 1058 1791 venirent?
1089 1745 1133 1790 an
1163 1747 1282 1809 specu-

217 1835 311 1900 landi
337 1833 459 1901 causa?
511 1833 687 1900 Conantes
716 1832 831 1901 dicere
858 1831 1037 1918 prohibuit
1066 1844 1100 1899 et
1130 1833 1164 1899 in
1193 1839 1282 1900 cato-

217 1949 279 2011 nas
293 1944 451 2011 coniecit.

369 2152 537 2205 Artbvirtus
554 2151 655 2204 avordr
671 2150 765 2206 battle.
810 2149 869 2205 The
889 2149 1016 2204 German
1033 2150 1141 2204 tactics.

157 2283 200 2363 48
291 2277 427 2344 Eodem
446 2277 503 2344 dio
520 2290 631 2344 castra
649 2276 826 2362 promovit
846 2288 881 2342 et
902 2275 1040 2341 milibus
1059 2297 1223 2360 passuum
1243 2295 1282 2341 νΙ

220 2395 240 2454 o
260 2387 416 2454 Caesaris
434 2394 556 2454 castris
575 2387 639 2454 sub
660 2397 781 2453 monte
800 2385 970 2452 consedit.
1016 2385 1191 2452 Postridie
1210 2385 1284 2453 oius

219 2495 287 2564 diei
300 2508 438 2582 praeter
451 2508 566 2563 castra
580 2495 734 2562 Caesaris
748 2502 826 2562 suos
840 2494 958 2580 copios
974 2495 1131 2562 trodoxit
1146 2506 1181 2561 et
1197 2493 1283 2561 mili-

219 2607 284 2672 bus
302 2628 465 2691 passuum
484 2606 621 2673 duobus
638 2606 730 2671 ultro
747 2627 827 2670 eum
845 2615 958 2670 castra
976 2605 1057 2671 lecit
1077 2612 1119 2671 eo
1138 2605 1282 2672 consilio

217 2722 269 2781 uti
282 2715 458 2782 fromento
473 2720 743 2799 commeotoque
756 2720 816 2799 qui
830 2737 874 2780 ex
890 2714 1060 2798 Sequanis
1074 2724 1109 2780 et
1125 2714 1282 2780 Haeduis

165 2854 197 2891 20
219 2832 486 2910 supportaretur
503 2823 686 2891 Caesarem
703 2823 959 2890 intercluderet.
1003 2824 1060 2889 Ex
1078 2830 1119 2890 eo
1137 2823 1192 2889 dio
1210 2821 1282 2888 dies

217 2935 406 3000 continuos
422 2955 445 3001 v
463 2934 589 3002 Caesar
605 2941 669 3020 pro
687 2941 808 3001 castris
828 2941 906 3000 suos
925 2933 1042 3018 copias
1059 2932 1226 3018 produxit
1244 2943 1278 2998 et

217 3045 326 3112 aciem
339 3052 547 3113 instroctam
561 3045 693 3124 habuit,
708 3055 759 3126 ut,
776 3051 803 3112 si
817 3045 919 3111 vellet
935 3041 1134 3110 Ariovistus
1149 3040 1281 3127 proelio

218 3156 440 3233 contendere,
458 3161 490 3220 ei
506 3159 665 3239 potestis
683 3161 754 3220 non
772 3155 918 3221 deesset.

286 3263 484 3330 Ariovistus
513 3263 566 3329 his
595 3262 758 3329 omnibus
788 3263 909 3329 diebus
940 3261 1131 3329 exercitum
1162 3266 1282 3329 castris

164 3389 195 3440 ²⁵
217 3372 403 3451 continuit,
419 3377 572 3457 equestri
586 3371 719 3457 proelio
734 3371 864 3438 cotidio
878 3371 1073 3438 contendit.

284 3480 402 3547 Genus
428 3481 594 3548 hocerat
622 3488 761 3567 pognae
787 3488 858 3566 quo
885 3488 921 3548 so
948 3480 1112 3548 Germani
1137 3502 1280 3548 exercu-

215 3602 327 3658 erant:
354 3590 525 3677 Equitum
539 3591 631 3659 milia
645 3603 742 3658 erant
756 3611 806 3671 v1,
822 3591 974 3658 totidem
989 3597 1133 3657 numero
1147 3590 1280 3674 pedites

217 3811 373 3898 singulos
388 3833 469 3878 suae
483 3809 605 3877 salutis
620 3817 722 3876 causo
737 3800 956 3896 delogerant}
971 3830 1050 3874 cum
1065 3806 1166 3872 bisin
1182 3824 1281 3891 proe-

164 3934 197 3988 ³0
219 3920 271 3987 liis
295 3921 538 3999 versobantur;
563 3921 606 3986 ad
631 3926 690 3986 eos
714 3926 752 3985 so
775 3919 908 4005 equites
932 3915 1158 4003 recipiebant3
1181 3914 1227 3995 hi,
1252 3917 1281 3980 si
