<?xml version="1.0" encoding="UTF-8"?>
<!DOCTYPE html PUBLIC "-//W3C//DTD XHTML 1.0 Transitional//EN"
    "http://www.w3.org/TR/xhtml1/DTD/xhtml1-transitional.dtd">
<html xmlns="http://www.w3.org/1999/xhtml" xml:lang="en" lang="en">
 <head>
  <title>
</title>
<meta http-equiv="Content-Type" content="text/html;charset=utf-8" />
  <meta name='ocr-system' content='tesseract 3.04.00' />
  <meta name='ocr-capabilities' content='ocr_page ocr_carea ocr_par ocr_line ocrx_word'/>
</head>
<body>
  <div class='ocr_page' id='page_1' title='image "./civlicaesarisde00westgoog_0310.png"; bbox 0 0 3048 4444; ppageno 0'>
   <div class='ocr_carea' id='block_1_1' title="bbox 247 337 927 418">
    <p class='ocr_par' dir='ltr' id='par_1_1' title="bbox 247 337 927 418">
     <span class='ocr_line' id='line_1_1' title="bbox 247 337 927 418; baseline 0.003 -29"><span class='ocrx_word' id='word_1_1' title='bbox 247 353 306 418; x_wconf 86' lang='lat'>194</span> <span class='ocrx_word' id='word_1_2' title='bbox 630 337 743 391; x_wconf 89' lang='lat' dir='ltr'>BELLI</span> <span class='ocrx_word' id='word_1_3' title='bbox 769 337 927 392; x_wconf 88' lang='lat' dir='ltr'>GALLICI</span> 
     </span>
    </p>
   </div>
   <div class='ocr_carea' id='block_1_2' title="bbox 192 515 1309 1910">
    <p class='ocr_par' dir='ltr' id='par_1_2' title="bbox 242 515 1309 929">
     <span class='ocr_line' id='line_1_2' title="bbox 313 515 1309 602; baseline 0.004 -22"><span class='ocrx_word' id='word_1_4' title='bbox 313 515 531 582; x_wconf 62' lang='lat' dir='ltr'>Adhortatus</span> <span class='ocrx_word' id='word_1_5' title='bbox 554 517 689 595; x_wconf 92' lang='lat' dir='ltr'>milites,</span> <span class='ocrx_word' id='word_1_6' title='bbox 713 525 757 583; x_wconf 90' lang='lat' dir='ltr'>ne</span> <span class='ocrx_word' id='word_1_7' title='bbox 780 517 973 583; x_wconf 74' lang='lat' dir='ltr'>necessarie</span> <span class='ocrx_word' id='word_1_8' title='bbox 997 527 1155 602; x_wconf 89' lang='lat' dir='ltr'>tempore</span> <span class='ocrx_word' id='word_1_9' title='bbox 1178 516 1309 584; x_wconf 89' lang='lat' dir='ltr'>itineris</span> 
     </span>
     <span class='ocr_line' id='line_1_3' title="bbox 242 624 1308 710; baseline 0.005 -22"><span class='ocrx_word' id='word_1_10' title='bbox 242 624 360 690; x_wconf 78' lang='lat' dir='ltr'>labere</span> <span class='ocrx_word' id='word_1_11' title='bbox 377 637 656 708; x_wconf 84' lang='lat' dir='ltr'>permoveantur,</span> <span class='ocrx_word' id='word_1_12' title='bbox 675 625 904 709; x_wconf 81' lang='lat' dir='ltr'>cupidissimis</span> <span class='ocrx_word' id='word_1_13' title='bbox 922 625 1085 691; x_wconf 91' lang='lat' dir='ltr'>omnibus</span> <span class='ocrx_word' id='word_1_14' title='bbox 1103 631 1308 710; x_wconf 79' lang='lat' dir='ltr'>pregressus</span> 
     </span>
     <span class='ocr_line' id='line_1_4' title="bbox 243 733 1308 820; baseline 0.004 -24"><span class='ocrx_word' id='word_1_15' title='bbox 243 733 337 797; x_wconf 91' lang='lat' dir='ltr'>milia</span> <span class='ocrx_word' id='word_1_16' title='bbox 361 754 525 817; x_wconf 86' lang='lat' dir='ltr'>passuum</span> <span class='ocrx_word' id='word_1_17' title='bbox 549 754 639 813; x_wconf 86' lang='lat' dir='ltr'>xxv,</span> <span class='ocrx_word' id='word_1_18' title='bbox 664 755 791 819; x_wconf 88' lang='lat' dir='ltr'>agmen</span> <span class='ocrx_word' id='word_1_19' title='bbox 816 734 1047 800; x_wconf 81' lang='lat' dir='ltr'>Haeduorum</span> <span class='ocrx_word' id='word_1_20' title='bbox 1073 735 1308 820; x_wconf 67' lang='lat' dir='ltr'>censpicetun</span> 
     </span>
     <span class='ocr_line' id='line_1_5' title="bbox 243 841 1308 929; baseline 0.006 -24"><span class='ocrx_word' id='word_1_21' title='bbox 243 841 399 906; x_wconf 80' lang='lat' dir='ltr'>immisso</span> <span class='ocrx_word' id='word_1_22' title='bbox 432 842 587 926; x_wconf 76' lang='lat' dir='ltr'>equitatis</span> <span class='ocrx_word' id='word_1_23' title='bbox 622 843 686 909; x_wconf 87' lang='lat' dir='ltr'>iter</span> <span class='ocrx_word' id='word_1_24' title='bbox 719 849 840 909; x_wconf 76' lang='lat' dir='ltr'>cerum</span> <span class='ocrx_word' id='word_1_25' title='bbox 874 849 1031 910; x_wconf 71' lang='lat' dir='ltr'>moretur</span> <span class='ocrx_word' id='word_1_26' title='bbox 1064 855 1168 928; x_wconf 89' lang='lat' dir='ltr'>atque</span> <span class='ocrx_word' id='word_1_27' title='bbox 1201 844 1308 929; x_wconf 90' lang='lat' dir='ltr'>impe-</span> 
     </span>
    </p>

    <p class='ocr_par' dir='ltr' id='par_1_3' title="bbox 209 950 1308 1476">
     <span class='ocr_line' id='line_1_6' title="bbox 209 950 1305 1036; baseline 0.006 -22"><span class='ocrx_word' id='word_1_28' title='bbox 209 979 221 1028; x_wconf 73' lang='grc' dir='ltr'>ς</span> <span class='ocrx_word' id='word_1_29' title='bbox 243 950 304 1027; x_wconf 90' lang='lat' dir='ltr'>dit,</span> <span class='ocrx_word' id='word_1_30' title='bbox 329 950 571 1035; x_wconf 82' lang='lat' dir='ltr'>interdicitque</span> <span class='ocrx_word' id='word_1_31' title='bbox 596 952 760 1018; x_wconf 90' lang='lat' dir='ltr'>omnibus</span> <span class='ocrx_word' id='word_1_32' title='bbox 785 959 829 1019; x_wconf 89' lang='lat' dir='ltr'>ne</span> <span class='ocrx_word' id='word_1_33' title='bbox 853 973 1065 1036; x_wconf 89' lang='lat' dir='ltr'>quemquam</span> <span class='ocrx_word' id='word_1_34' title='bbox 1090 953 1305 1021; x_wconf 87' lang='lat' dir='ltr'>interficiant.</span> 
     </span>
     <span class='ocr_line' id='line_1_7' title="bbox 242 1059 1308 1145; baseline 0.004 -21"><span class='ocrx_word' id='word_1_35' title='bbox 242 1059 520 1145; x_wconf 76' lang='lat' dir='ltr'>Eporedorigem</span> <span class='ocrx_word' id='word_1_36' title='bbox 549 1072 582 1126; x_wconf 94' lang='lat' dir='ltr'>et</span> <span class='ocrx_word' id='word_1_37' title='bbox 611 1061 883 1139; x_wconf 79' lang='lat' dir='ltr'>Viridomarum,</span> <span class='ocrx_word' id='word_1_38' title='bbox 915 1068 1004 1145; x_wconf 80' lang='lat' dir='ltr'>ques</span> <span class='ocrx_word' id='word_1_39' title='bbox 1033 1063 1080 1129; x_wconf 89' lang='lat' dir='ltr'>illi</span> <span class='ocrx_word' id='word_1_40' title='bbox 1109 1063 1308 1130; x_wconf 82' lang='lat' dir='ltr'>interiectos</span> 
     </span>
     <span class='ocr_line' id='line_1_8' title="bbox 240 1168 1307 1256; baseline 0.002 -22"><span class='ocrx_word' id='word_1_41' title='bbox 240 1168 496 1248; x_wconf 77' lang='lat' dir='ltr'>existimebant,</span> <span class='ocrx_word' id='word_1_42' title='bbox 536 1169 625 1235; x_wconf 91' lang='lat' dir='ltr'>inter</span> <span class='ocrx_word' id='word_1_43' title='bbox 664 1170 798 1254; x_wconf 77' lang='lat' dir='ltr'>equites</span> <span class='ocrx_word' id='word_1_44' title='bbox 836 1177 963 1236; x_wconf 63' lang='lat' dir='ltr'>verstri</span> <span class='ocrx_word' id='word_1_45' title='bbox 1002 1177 1154 1255; x_wconf 79' lang='lat' dir='ltr'>suesque</span> <span class='ocrx_word' id='word_1_46' title='bbox 1192 1173 1307 1256; x_wconf 88' lang='lat' dir='ltr'>appel-</span> 
     </span>
     <span class='ocr_line' id='line_1_9' title="bbox 241 1277 1306 1366; baseline 0.003 -24"><span class='ocrx_word' id='word_1_47' title='bbox 241 1278 310 1343; x_wconf 75' lang='lat' dir='ltr'>lere</span> <span class='ocrx_word' id='word_1_48' title='bbox 330 1277 434 1344; x_wconf 89' lang='lat' dir='ltr'>iubet.</span> <span class='ocrx_word' id='word_1_49' title='bbox 479 1278 546 1344; x_wconf 91' lang='lat' dir='ltr'>His</span> <span class='ocrx_word' id='word_1_50' title='bbox 565 1278 716 1363; x_wconf 82' lang='lat' dir='ltr'>cognitis</span> <span class='ocrx_word' id='word_1_51' title='bbox 737 1290 771 1344; x_wconf 90' lang='lat' dir='ltr'>ct</span> <span class='ocrx_word' id='word_1_52' title='bbox 792 1277 959 1346; x_wconf 90' lang='lat' dir='ltr'>Litavicci</span> <span class='ocrx_word' id='word_1_53' title='bbox 978 1279 1096 1347; x_wconf 79' lang='lat' dir='ltr'>{raude</span> <span class='ocrx_word' id='word_1_54' title='bbox 1116 1287 1306 1366; x_wconf 70' lang='lat' dir='ltr'>perspecti,</span> 
     </span>
     <span class='ocr_line' id='line_1_10' title="bbox 244 1386 1306 1476; baseline 0.005 -26"><span class='ocrx_word' id='word_1_55' title='bbox 244 1386 384 1453; x_wconf 91' lang='lat' dir='ltr'>Haedui</span> <span class='ocrx_word' id='word_1_56' title='bbox 412 1393 534 1453; x_wconf 86' lang='lat' dir='ltr'>mantis</span> <span class='ocrx_word' id='word_1_57' title='bbox 563 1389 703 1455; x_wconf 86' lang='lat' dir='ltr'>tendere</span> <span class='ocrx_word' id='word_1_58' title='bbox 732 1399 765 1454; x_wconf 93' lang='lat' dir='ltr'>et</span> <span class='ocrx_word' id='word_1_59' title='bbox 794 1389 1009 1456; x_wconf 80' lang='lat' dir='ltr'>deditienem</span> <span class='ocrx_word' id='word_1_60' title='bbox 1037 1389 1242 1476; x_wconf 79' lang='lat' dir='ltr'>significare,</span> <span class='ocrx_word' id='word_1_61' title='bbox 1272 1399 1306 1456; x_wconf 90' lang='lat' dir='ltr'>et</span> 
     </span>
    </p>

    <p class='ocr_par' dir='ltr' id='par_1_4' title="bbox 192 1496 1307 1910">
     <span class='ocr_line' id='line_1_11' title="bbox 192 1496 1307 1584; baseline 0.001 -20"><span class='ocrx_word' id='word_1_62' title='bbox 192 1529 222 1564; x_wconf 78' lang='grc' dir='ltr'>ιο</span> <span class='ocrx_word' id='word_1_63' title='bbox 242 1496 404 1580; x_wconf 78' lang='lat' dir='ltr'>prriiectis</span> <span class='ocrx_word' id='word_1_64' title='bbox 438 1503 541 1562; x_wconf 93' lang='lat' dir='ltr'>armis</span> <span class='ocrx_word' id='word_1_65' title='bbox 575 1509 725 1564; x_wconf 89' lang='lat' dir='ltr'>mortem</span> <span class='ocrx_word' id='word_1_66' title='bbox 761 1498 938 1582; x_wconf 61' lang='lat' dir='ltr'>deprecari</span> <span class='ocrx_word' id='word_1_67' title='bbox 973 1499 1151 1584; x_wconf 91' lang='lat' dir='ltr'>incipiunt.</span> <span class='ocrx_word' id='word_1_68' title='bbox 1213 1499 1307 1565; x_wconf 89' lang='lat' dir='ltr'>Lita-</span> 
     </span>
     <span class='ocr_line' id='line_1_12' title="bbox 241 1605 1305 1692; baseline 0.002 -21"><span class='ocrx_word' id='word_1_69' title='bbox 241 1605 357 1671; x_wconf 90' lang='lat' dir='ltr'>viccus</span> <span class='ocrx_word' id='word_1_70' title='bbox 391 1626 470 1670; x_wconf 92' lang='lat' dir='ltr'>curn</span> <span class='ocrx_word' id='word_1_71' title='bbox 505 1612 575 1672; x_wconf 89' lang='lat' dir='ltr'>suis</span> <span class='ocrx_word' id='word_1_72' title='bbox 609 1607 802 1685; x_wconf 70' lang='lat' dir='ltr'>clientibus</span> <span class='ocrx_word' id='word_1_73' title='bbox 836 1609 962 1692; x_wconf 90' lang='lat' dir='ltr'>quibus</span> <span class='ocrx_word' id='word_1_74' title='bbox 995 1615 1092 1674; x_wconf 77' lang='lat' dir='ltr'>mere</span> <span class='ocrx_word' id='word_1_75' title='bbox 1127 1608 1305 1676; x_wconf 78' lang='lat' dir='ltr'>Gallerum</span> 
     </span>
     <span class='ocr_line' id='line_1_13' title="bbox 241 1713 1304 1802; baseline 0.005 -24"><span class='ocrx_word' id='word_1_76' title='bbox 241 1713 336 1780; x_wconf 77' lang='lat' dir='ltr'>nefas</span> <span class='ocrx_word' id='word_1_77' title='bbox 358 1725 409 1780; x_wconf 87' lang='lat' dir='ltr'>est</span> <span class='ocrx_word' id='word_1_78' title='bbox 430 1715 535 1781; x_wconf 89' lang='lat' dir='ltr'>etiam</span> <span class='ocrx_word' id='word_1_79' title='bbox 556 1715 590 1781; x_wconf 94' lang='lat' dir='ltr'>in</span> <span class='ocrx_word' id='word_1_80' title='bbox 612 1722 768 1782; x_wconf 70' lang='lat' dir='ltr'>extreme</span> <span class='ocrx_word' id='word_1_81' title='bbox 788 1716 927 1782; x_wconf 74' lang='lat' dir='ltr'>fortune</span> <span class='ocrx_word' id='word_1_82' title='bbox 950 1718 1106 1783; x_wconf 91' lang='lat' dir='ltr'>deserere</span> <span class='ocrx_word' id='word_1_83' title='bbox 1129 1723 1304 1802; x_wconf 74' lang='lat' dir='ltr'>patrones</span> 
     </span>
     <span class='ocr_line' id='line_1_14' title="bbox 240 1823 635 1910; baseline 0.01 -23"><span class='ocrx_word' id='word_1_84' title='bbox 240 1823 453 1908; x_wconf 88' lang='lat' dir='ltr'>Gergoviam</span> <span class='ocrx_word' id='word_1_85' title='bbox 469 1824 635 1910; x_wconf 75' lang='lat' dir='ltr'>profugit.</span> 
     </span>
    </p>
   </div>
   <div class='ocr_carea' id='block_1_3' title="bbox 531 2037 1010 2110">
    <p class='ocr_par' dir='ltr' id='par_1_5' title="bbox 531 2037 1010 2110">
     <span class='ocr_line' id='line_1_15' title="bbox 531 2037 1010 2110; baseline 0.002 -19"><span class='ocrx_word' id='word_1_86' title='bbox 531 2038 578 2091; x_wconf 84' lang='lat' dir='ltr'>He</span> <span class='ocrx_word' id='word_1_87' title='bbox 594 2037 708 2092; x_wconf 59' lang='lat' dir='ltr'>kastam</span> <span class='ocrx_word' id='word_1_88' title='bbox 724 2039 795 2092; x_wconf 82' lang='lat' dir='ltr'>back</span> <span class='ocrx_word' id='word_1_89' title='bbox 811 2044 840 2093; x_wconf 84' lang='lat' dir='ltr'>to</span> <span class='ocrx_word' id='word_1_90' title='bbox 859 2040 1010 2110; x_wconf 59' lang='lat' dir='ltr'>Gergovia.</span> 
     </span>
    </p>
   </div>
   <div class='ocr_carea' id='block_1_4' title="bbox 179 2170 1306 2263">
    <p class='ocr_par' dir='ltr' id='par_1_6' title="bbox 179 2170 1306 2263">
     <span class='ocr_line' id='line_1_16' title="bbox 179 2170 1306 2263; baseline -0.001 -25"><span class='ocrx_word' id='word_1_91' title='bbox 179 2198 219 2263; x_wconf 83' lang='lat'>41</span> <span class='ocrx_word' id='word_1_92' title='bbox 311 2171 437 2238; x_wconf 86' lang='lat' dir='ltr'>Caesar</span> <span class='ocrx_word' id='word_1_93' title='bbox 456 2171 585 2236; x_wconf 85' lang='lat' dir='ltr'>nrintiis</span> <span class='ocrx_word' id='word_1_94' title='bbox 605 2171 647 2237; x_wconf 89' lang='lat' dir='ltr'>ad</span> <span class='ocrx_word' id='word_1_95' title='bbox 667 2172 842 2237; x_wconf 74' lang='lat' dir='ltr'>civitetem</span> <span class='ocrx_word' id='word_1_96' title='bbox 865 2170 1094 2236; x_wconf 85' lang='lat' dir='ltr'>Haeduorum</span> <span class='ocrx_word' id='word_1_97' title='bbox 1115 2173 1226 2240; x_wconf 89' lang='lat' dir='ltr'>missis</span> <span class='ocrx_word' id='word_1_98' title='bbox 1246 2178 1306 2256; x_wconf 91' lang='lat' dir='ltr'>qui</span> 
     </span>
    </p>
   </div>
   <div class='ocr_carea' id='block_1_5' title="bbox 188 2280 1385 3893">
    <p class='ocr_par' dir='ltr' id='par_1_7' title="bbox 192 2280 1306 2802">
     <span class='ocr_line' id='line_1_17' title="bbox 192 2280 1306 2366; baseline -0.001 -20"><span class='ocrx_word' id='word_1_99' title='bbox 192 2316 220 2366; x_wconf 86' lang='lat'>15</span> <span class='ocrx_word' id='word_1_100' title='bbox 241 2287 305 2346; x_wconf 80' lang='lat' dir='ltr'>suci</span> <span class='ocrx_word' id='word_1_101' title='bbox 326 2281 495 2347; x_wconf 79' lang='lat' dir='ltr'>beneficio</span> <span class='ocrx_word' id='word_1_102' title='bbox 515 2286 739 2347; x_wconf 72' lang='lat' dir='ltr'>censervzites</span> <span class='ocrx_word' id='word_1_103' title='bbox 758 2280 935 2356; x_wconf 77' lang='lat' dir='ltr'>docerent,</span> <span class='ocrx_word' id='word_1_104' title='bbox 955 2287 1043 2363; x_wconf 80' lang='lat' dir='ltr'>quos</span> <span class='ocrx_word' id='word_1_105' title='bbox 1064 2281 1137 2346; x_wconf 80' lang='lat' dir='ltr'>iure</span> <span class='ocrx_word' id='word_1_106' title='bbox 1157 2282 1236 2347; x_wconf 80' lang='lat' dir='ltr'>belli</span> <span class='ocrx_word' id='word_1_107' title='bbox 1256 2281 1306 2346; x_wconf 88' lang='lat' dir='ltr'>in-</span> 
     </span>
     <span class='ocr_line' id='line_1_18' title="bbox 241 2388 1304 2474; baseline -0.001 -18"><span class='ocrx_word' id='word_1_108' title='bbox 241 2390 397 2456; x_wconf 87' lang='lat' dir='ltr'>terficere</span> <span class='ocrx_word' id='word_1_109' title='bbox 422 2390 603 2474; x_wconf 91' lang='lat' dir='ltr'>potuisset,</span> <span class='ocrx_word' id='word_1_110' title='bbox 629 2389 808 2472; x_wconf 90' lang='lat' dir='ltr'>tribusque</span> <span class='ocrx_word' id='word_1_111' title='bbox 834 2389 928 2453; x_wconf 75' lang='lat' dir='ltr'>heris</span> <span class='ocrx_word' id='word_1_112' title='bbox 959 2388 1106 2473; x_wconf 88' lang='lat' dir='ltr'>[noctis]</span> <span class='ocrx_word' id='word_1_113' title='bbox 1136 2389 1304 2456; x_wconf 88' lang='lat' dir='ltr'>exercitui</span> 
     </span>
     <span class='ocr_line' id='line_1_19' title="bbox 240 2497 1305 2584; baseline -0.002 -18"><span class='ocrx_word' id='word_1_114' title='bbox 240 2502 281 2566; x_wconf 90' lang='lat' dir='ltr'>ad</span> <span class='ocrx_word' id='word_1_115' title='bbox 302 2501 455 2584; x_wconf 89' lang='lat' dir='ltr'>quietem</span> <span class='ocrx_word' id='word_1_116' title='bbox 475 2499 564 2564; x_wconf 92' lang='lat' dir='ltr'>datis</span> <span class='ocrx_word' id='word_1_117' title='bbox 582 2509 694 2564; x_wconf 87' lang='lat' dir='ltr'>castra</span> <span class='ocrx_word' id='word_1_118' title='bbox 712 2499 755 2564; x_wconf 89' lang='lat' dir='ltr'>ad</span> <span class='ocrx_word' id='word_1_119' title='bbox 776 2497 987 2583; x_wconf 90' lang='lat' dir='ltr'>Gergoviam</span> <span class='ocrx_word' id='word_1_120' title='bbox 1007 2510 1134 2565; x_wconf 91' lang='lat' dir='ltr'>movet.</span> <span class='ocrx_word' id='word_1_121' title='bbox 1185 2499 1305 2564; x_wconf 76' lang='lat' dir='ltr'>Medici</span> 
     </span>
     <span class='ocr_line' id='line_1_20' title="bbox 241 2607 1305 2693; baseline -0.003 -18"><span class='ocrx_word' id='word_1_122' title='bbox 241 2611 310 2676; x_wconf 84' lang='lat' dir='ltr'>iere</span> <span class='ocrx_word' id='word_1_123' title='bbox 326 2609 447 2676; x_wconf 90' lang='lat' dir='ltr'>itinere</span> <span class='ocrx_word' id='word_1_124' title='bbox 463 2608 597 2693; x_wconf 78' lang='lat' dir='ltr'>equites</span> <span class='ocrx_word' id='word_1_125' title='bbox 612 2613 632 2673; x_wconf 75' lang='lat' dir='ltr'>{a</span> <span class='ocrx_word' id='word_1_126' title='bbox 649 2607 757 2672; x_wconf 76' lang='lat' dir='ltr'>Fabii&gt;</span> <span class='ocrx_word' id='word_1_127' title='bbox 773 2607 868 2672; x_wconf 91' lang='lat' dir='ltr'>missi</span> <span class='ocrx_word' id='word_1_128' title='bbox 884 2614 1015 2690; x_wconf 79' lang='lat' dir='ltr'>quante</span> <span class='ocrx_word' id='word_1_129' title='bbox 1032 2613 1085 2672; x_wconf 94' lang='lat' dir='ltr'>res</span> <span class='ocrx_word' id='word_1_130' title='bbox 1102 2607 1135 2671; x_wconf 92' lang='lat' dir='ltr'>in</span> <span class='ocrx_word' id='word_1_131' title='bbox 1151 2607 1305 2691; x_wconf 72' lang='lat' dir='ltr'>periculi)</span> 
     </span>
     <span class='ocr_line' id='line_1_21' title="bbox 239 2715 1305 2802; baseline -0.003 -17"><span class='ocrx_word' id='word_1_132' title='bbox 239 2719 339 2785; x_wconf 78' lang='lat' dir='ltr'>fuerit</span> <span class='ocrx_word' id='word_1_133' title='bbox 373 2725 566 2802; x_wconf 77' lang='lat' dir='ltr'>expenunt.</span> <span class='ocrx_word' id='word_1_134' title='bbox 626 2716 779 2782; x_wconf 88' lang='lat' dir='ltr'>Summis</span> <span class='ocrx_word' id='word_1_135' title='bbox 813 2715 922 2800; x_wconf 77' lang='lat' dir='ltr'>cepiis</span> <span class='ocrx_word' id='word_1_136' title='bbox 957 2726 1067 2781; x_wconf 87' lang='lat' dir='ltr'>castra</span> <span class='ocrx_word' id='word_1_137' title='bbox 1100 2721 1305 2800; x_wconf 75' lang='lat' dir='ltr'>oppugneta</span> 
     </span>
    </p>

    <p class='ocr_par' dir='ltr' id='par_1_8' title="bbox 188 2824 1304 3348">
     <span class='ocr_line' id='line_1_22' title="bbox 188 2824 1304 2909; baseline -0.005 -12"><span class='ocrx_word' id='word_1_138' title='bbox 188 2861 220 2897; x_wconf 85' lang='lat'>20</span> <span class='ocrx_word' id='word_1_139' title='bbox 239 2829 490 2905; x_wconf 67' lang='lat' dir='ltr'>(lemenstrant</span> <span class='ocrx_word' id='word_1_140' title='bbox 515 2848 595 2893; x_wconf 88' lang='lat' dir='ltr'>cum</span> <span class='ocrx_word' id='word_1_141' title='bbox 619 2826 740 2891; x_wconf 76' lang='lat' dir='ltr'>crebre</span> <span class='ocrx_word' id='word_1_142' title='bbox 765 2825 891 2909; x_wconf 88' lang='lat' dir='ltr'>integri</span> <span class='ocrx_word' id='word_1_143' title='bbox 914 2824 1055 2890; x_wconf 80' lang='lat' dir='ltr'>defessis</span> <span class='ocrx_word' id='word_1_144' title='bbox 1079 2824 1304 2891; x_wconf 90' lang='lat' dir='ltr'>succederent</span> 
     </span>
     <span class='ocr_line' id='line_1_23' title="bbox 239 2932 1303 3022; baseline -0.007 -18"><span class='ocrx_word' id='word_1_145' title='bbox 239 2945 447 3022; x_wconf 78' lang='lat' dir='ltr'>nostresque</span> <span class='ocrx_word' id='word_1_146' title='bbox 471 2936 617 3002; x_wconf 78' lang='lat' dir='ltr'>adsidue</span> <span class='ocrx_word' id='word_1_147' title='bbox 642 2935 759 3000; x_wconf 79' lang='lat' dir='ltr'>labrire</span> <span class='ocrx_word' id='word_1_148' title='bbox 784 2934 1023 3019; x_wconf 76' lang='lat' dir='ltr'>defatigerent,</span> <span class='ocrx_word' id='word_1_149' title='bbox 1049 2932 1175 3017; x_wconf 92' lang='lat' dir='ltr'>quibus</span> <span class='ocrx_word' id='word_1_150' title='bbox 1199 2954 1303 3018; x_wconf 93' lang='lat' dir='ltr'>prop-</span> 
     </span>
     <span class='ocr_line' id='line_1_24' title="bbox 238 3043 1303 3130; baseline -0.004 -18"><span class='ocrx_word' id='word_1_151' title='bbox 238 3058 290 3113; x_wconf 91' lang='lat' dir='ltr'>ter</span> <span class='ocrx_word' id='word_1_152' title='bbox 323 3045 602 3130; x_wconf 70' lang='lat' dir='ltr'>maignitridinem</span> <span class='ocrx_word' id='word_1_153' title='bbox 637 3049 829 3109; x_wconf 77' lang='lat' dir='ltr'>castrinum</span> <span class='ocrx_word' id='word_1_154' title='bbox 864 3049 1033 3127; x_wconf 78' lang='lat' dir='ltr'>perpetue</span> <span class='ocrx_word' id='word_1_155' title='bbox 1068 3054 1157 3109; x_wconf 91' lang='lat' dir='ltr'>esset</span> <span class='ocrx_word' id='word_1_156' title='bbox 1191 3043 1303 3109; x_wconf 90' lang='lat' dir='ltr'>isdem</span> 
     </span>
     <span class='ocr_line' id='line_1_25' title="bbox 238 3151 1303 3239; baseline -0.002 -19"><span class='ocrx_word' id='word_1_157' title='bbox 238 3157 272 3220; x_wconf 90' lang='lat' dir='ltr'>in</span> <span class='ocrx_word' id='word_1_158' title='bbox 295 3157 385 3221; x_wconf 75' lang='lat' dir='ltr'>valle</span> <span class='ocrx_word' id='word_1_159' title='bbox 409 3154 699 3239; x_wconf 89' lang='lat' dir='ltr'>permanendum;</span> <span class='ocrx_word' id='word_1_160' title='bbox 725 3152 946 3218; x_wconf 78' lang='lat' dir='ltr'>multitudine</span> <span class='ocrx_word' id='word_1_161' title='bbox 970 3151 1174 3237; x_wconf 76' lang='lat' dir='ltr'>sagittarum</span> <span class='ocrx_word' id='word_1_162' title='bbox 1198 3163 1303 3237; x_wconf 90' lang='lat' dir='ltr'>atque</span> 
     </span>
     <span class='ocr_line' id='line_1_26' title="bbox 239 3262 1303 3348; baseline -0.001 -19"><span class='ocrx_word' id='word_1_163' title='bbox 239 3271 334 3330; x_wconf 92' lang='lat' dir='ltr'>omni</span> <span class='ocrx_word' id='word_1_164' title='bbox 369 3284 496 3348; x_wconf 90' lang='lat' dir='ltr'>genere</span> <span class='ocrx_word' id='word_1_165' title='bbox 531 3263 680 3328; x_wconf 66' lang='lat' dir='ltr'>telorum</span> <span class='ocrx_word' id='word_1_166' title='bbox 716 3262 845 3327; x_wconf 81' lang='lat' dir='ltr'>multos</span> <span class='ocrx_word' id='word_1_167' title='bbox 880 3262 1079 3327; x_wconf 71' lang='lat' dir='ltr'>vulneratos</span> <span class='ocrx_word' id='word_1_168' title='bbox 1096 3283 1104 3339; x_wconf 91' lang='grc'><strong>;</strong></span> <span class='ocrx_word' id='word_1_169' title='bbox 1139 3263 1182 3327; x_wconf 89' lang='lat' dir='ltr'>ad</span> <span class='ocrx_word' id='word_1_170' title='bbox 1218 3263 1303 3328; x_wconf 90' lang='lat' dir='ltr'>haec</span> 
     </span>
    </p>

    <p class='ocr_par' dir='ltr' id='par_1_9' title="bbox 188 3370 1385 3893">
     <span class='ocr_line' id='line_1_27' title="bbox 188 3370 1303 3457; baseline -0.002 -18"><span class='ocrx_word' id='word_1_171' title='bbox 188 3402 217 3451; x_wconf 63' lang='grc' dir='ltr'>ες</span> <span class='ocrx_word' id='word_1_172' title='bbox 237 3372 439 3438; x_wconf 90' lang='lat' dir='ltr'>sustinenda</span> <span class='ocrx_word' id='word_1_173' title='bbox 459 3378 590 3457; x_wconf 76' lang='lat' dir='ltr'>megne</span> <span class='ocrx_word' id='word_1_174' title='bbox 613 3377 691 3436; x_wconf 76' lang='lat' dir='ltr'>sisui</span> <span class='ocrx_word' id='word_1_175' title='bbox 711 3370 815 3436; x_wconf 83' lang='lat' dir='ltr'>fuisse</span> <span class='ocrx_word' id='word_1_176' title='bbox 837 3381 1019 3436; x_wconf 89' lang='lat' dir='ltr'>tormenta.</span> <span class='ocrx_word' id='word_1_177' title='bbox 1068 3371 1214 3436; x_wconf 89' lang='lat' dir='ltr'>Fabium</span> <span class='ocrx_word' id='word_1_178' title='bbox 1236 3372 1303 3437; x_wconf 91' lang='lat' dir='ltr'>dis-</span> 
     </span>
     <span class='ocr_line' id='line_1_28' title="bbox 238 3479 1303 3563; baseline 0.001 -17"><span class='ocrx_word' id='word_1_179' title='bbox 238 3487 335 3546; x_wconf 76' lang='lat' dir='ltr'>cessit</span> <span class='ocrx_word' id='word_1_180' title='bbox 359 3488 491 3558; x_wconf 76' lang='lat' dir='ltr'>cerum,</span> <span class='ocrx_word' id='word_1_181' title='bbox 517 3480 651 3547; x_wconf 69' lang='lat' dir='ltr'>duribus</span> <span class='ocrx_word' id='word_1_182' title='bbox 675 3481 801 3545; x_wconf 90' lang='lat' dir='ltr'>relictis</span> <span class='ocrx_word' id='word_1_183' title='bbox 826 3485 944 3563; x_wconf 91' lang='lat' dir='ltr'>portis,</span> <span class='ocrx_word' id='word_1_184' title='bbox 969 3479 1149 3547; x_wconf 86' lang='lat' dir='ltr'>obstruere</span> <span class='ocrx_word' id='word_1_185' title='bbox 1173 3488 1303 3548; x_wconf 77' lang='lat' dir='ltr'>cetenis</span> 
     </span>
     <span class='ocr_line' id='line_1_29' title="bbox 238 3578 1385 3675; baseline 0 -19"><span class='ocrx_word' id='word_1_186' title='bbox 238 3592 447 3675; x_wconf 81' lang='lat' dir='ltr'>pluterisquc</span> <span class='ocrx_word' id='word_1_187' title='bbox 467 3591 557 3656; x_wconf 73' lang='lat' dir='ltr'>vidie</span> <span class='ocrx_word' id='word_1_188' title='bbox 579 3589 704 3656; x_wconf 90' lang='lat' dir='ltr'>addere</span> <span class='ocrx_word' id='word_1_189' title='bbox 726 3600 759 3654; x_wconf 93' lang='lat' dir='ltr'>et</span> <span class='ocrx_word' id='word_1_190' title='bbox 781 3594 817 3654; x_wconf 91' lang='lat' dir='ltr'>se</span> <span class='ocrx_word' id='word_1_191' title='bbox 839 3588 873 3653; x_wconf 92' lang='lat' dir='ltr'>in</span> <span class='ocrx_word' id='word_1_192' title='bbox 896 3599 1074 3672; x_wconf 89' lang='lat' dir='ltr'>posterum</span> <span class='ocrx_word' id='word_1_193' title='bbox 1097 3590 1189 3656; x_wconf 91' lang='lat' dir='ltr'>diem</span> <span class='ocrx_word' id='word_1_194' title='bbox 1211 3590 1303 3656; x_wconf 91' lang='lat' dir='ltr'>simi·</span> <span class='ocrx_word' id='word_1_195' title='bbox 1379 3578 1385 3587; x_wconf 71' lang='grc'><strong>’</strong></span> 
     </span>
     <span class='ocr_line' id='line_1_30' title="bbox 237 3697 1305 3785; baseline -0.002 -20"><span class='ocrx_word' id='word_1_196' title='bbox 237 3701 374 3785; x_wconf 89' lang='lat' dir='ltr'>lemque</span> <span class='ocrx_word' id='word_1_197' title='bbox 401 3707 520 3767; x_wconf 75' lang='lat' dir='ltr'>casum</span> <span class='ocrx_word' id='word_1_198' title='bbox 548 3704 721 3782; x_wconf 78' lang='lat' dir='ltr'>apparare.</span> <span class='ocrx_word' id='word_1_199' title='bbox 776 3698 843 3763; x_wconf 90' lang='lat' dir='ltr'>His</span> <span class='ocrx_word' id='word_1_200' title='bbox 870 3699 972 3763; x_wconf 91' lang='lat' dir='ltr'>rebus</span> <span class='ocrx_word' id='word_1_201' title='bbox 999 3699 1150 3783; x_wconf 79' lang='lat' dir='ltr'>cdgnitis</span> <span class='ocrx_word' id='word_1_202' title='bbox 1179 3697 1305 3765; x_wconf 87' lang='lat' dir='ltr'>Caesar</span> 
     </span>
     <span class='ocr_line' id='line_1_31' title="bbox 238 3807 1304 3893; baseline -0.004 -16"><span class='ocrx_word' id='word_1_203' title='bbox 238 3817 376 3878; x_wconf 82' lang='lat' dir='ltr'>summo</span> <span class='ocrx_word' id='word_1_204' title='bbox 397 3810 513 3876; x_wconf 73' lang='lat' dir='ltr'>studii)</span> <span class='ocrx_word' id='word_1_205' title='bbox 533 3809 682 3874; x_wconf 88' lang='lat' dir='ltr'>militum</span> <span class='ocrx_word' id='word_1_206' title='bbox 703 3818 783 3874; x_wconf 90' lang='lat' dir='ltr'>ante</span> <span class='ocrx_word' id='word_1_207' title='bbox 802 3818 920 3874; x_wconf 91' lang='lat' dir='ltr'>ortum</span> <span class='ocrx_word' id='word_1_208' title='bbox 940 3807 1022 3873; x_wconf 78' lang='lat' dir='ltr'>selis</span> <span class='ocrx_word' id='word_1_209' title='bbox 1042 3808 1077 3873; x_wconf 90' lang='lat' dir='ltr'>in</span> <span class='ocrx_word' id='word_1_210' title='bbox 1099 3818 1209 3874; x_wconf 90' lang='lat' dir='ltr'>castra</span> <span class='ocrx_word' id='word_1_211' title='bbox 1228 3829 1304 3893; x_wconf 91' lang='lat' dir='ltr'>per-</span> 
     </span>
    </p>
   </div>
   <div class='ocr_carea' id='block_1_6' title="bbox 188 3922 341 4005">
    <p class='ocr_par' dir='ltr' id='par_1_10' title="bbox 188 3922 341 4005">
     <span class='ocr_line' id='line_1_32' title="bbox 188 3922 341 4005; baseline 0 -19"><span class='ocrx_word' id='word_1_212' title='bbox 188 3957 219 4005; x_wconf 85' lang='lat'>3⁰</span> <span class='ocrx_word' id='word_1_213' title='bbox 239 3922 341 3986; x_wconf 49' lang='lat' dir='ltr'>vessit.</span> 
     </span>
    </p>
   </div>
   <div class='ocr_carea' id='block_1_7' title="bbox 0 0 1528 4444">
    <p class='ocr_par' dir='ltr' id='par_1_11' title="bbox 0 0 1528 4444">
     <span class='ocr_line' id='line_1_33' title="bbox 0 0 1528 4444; baseline 0 2"><span class='ocrx_word' id='word_1_214' title='bbox 0 0 1528 4444; x_wconf 95' lang='lat' dir='ltr'> </span> 
     </span>
    </p>
   </div>
  </div>
 </body>
</html>
