3048 4444
528 365 645 418 LIBER
671 365 735 420 v11.
762 366 846 420 CAP.
874 379 977 436 11-13
1232 381 1287 448 175

222 550 333 611 consis
357 542 558 610 intromittit
583 554 688 629 atque
713 545 844 630 oppido
869 552 1013 630 potitur,
1038 551 1219 630 perpaucis
1244 565 1288 610 ex

222 653 376 719 hostium
405 660 552 720 numero
581 653 784 720 desideratis
811 660 896 738 quin
925 661 1042 720 cuncti
1071 667 1286 738 caperentur,

222 761 316 847 quod
341 762 457 847 pontis
480 773 584 847 atque
608 763 770 828 itinerum
793 763 974 849 angustiae
998 763 1212 829 multitodini
1236 763 1287 829 iu·

221 892 303 957 gam
327 871 599 938 intercloserant.
649 873 832 957 Oppidum
855 872 972 958 diripit
996 884 1099 958 atque
1123 873 1286 952 incendit,

221 980 384 1064 praedam
407 980 575 1047 militibus
598 981 716 1062 donat,
740 982 934 1049 exercitum
958 983 1113 1068 Ligerim
1137 982 1320 1056 tradocits

221 1099 325 1174 atque
343 1089 377 1154 in
397 1089 597 1175 Biturigum
614 1091 700 1157 linos
717 1091 884 1177 pervenit.

225 1276 396 1330 surrentin
413 1277 450 1350 of
462 1277 668 1332 Noviodunum
679 1278 868 1350 followedby
885 1296 925 1332 an
937 1284 1060 1350 attempt
1077 1286 1106 1335 to
1122 1279 1231 1353 defend
1244 1281 1277 1342 it.

465 1381 501 1418 on
519 1364 567 1419 the
583 1365 730 1436 approach
749 1367 784 1438 os
807 1368 1033 1438 Vercirgetorix.

278 1473 549 1561 Vercingetorix
562 1474 620 1540 ubi
635 1476 678 1541 de
693 1475 848 1542 Caesaris
862 1475 1013 1542 advento
1029 1475 1209 1562 cognovit,
1224 1497 1286 1559 op·
1307 1491 1348 1542 12

221 1584 437 1668 pugnatione
455 1583 589 1650 dosistit
607 1595 711 1668 atque
730 1585 869 1650 obviam
891 1582 1028 1650 Caesari
1048 1583 1285 1668 proficiscitur.

223 1693 284 1758 Ille
306 1692 475 1777 oppidum
500 1693 699 1778 Biturigum
723 1693 876 1777 positum
899 1693 934 1758 in
957 1693 1011 1759 via
1035 1693 1287 1759 Noviodimum

221 1808 427 1887 oppugnare
446 1802 651 1868 instituerat.
703 1801 786 1887 Quo
806 1824 850 1868 ex
869 1803 1001 1886 oppido
1021 1824 1100 1868 cum
1121 1803 1226 1888 lagati
1245 1802 1288 1867 ad
1308 1831 1339 1868 ιο

221 1933 301 1977 eum
320 1912 494 1979 vonisseut
512 1918 652 1977 oratum
671 1923 710 1978 ut
728 1911 791 1977 sibi
809 1918 1007 1998 ignosceret
1027 1933 1178 1997 suaeque
1197 1918 1287 1978 vitae

221 2023 427 2099 consuleret,
446 2032 484 2088 ut
502 2021 675 2088 celeritate
693 2021 842 2106 reliquas
858 2028 912 2086 res
928 2020 1115 2087 conficeret
1133 2027 1201 2105 qua
1219 2021 1288 2105 plo-

222 2152 327 2215 raque
351 2142 423 2197 erat
448 2137 668 2209 consecotus,
694 2153 789 2197 arma
813 2131 972 2219 conferri,
997 2136 1107 2216 equos
1131 2131 1287 2215 praduci,

221 2240 360 2307 obsidos
378 2242 451 2307 dari
469 2241 575 2307 iubet.

290 2352 393 2418 Parte
409 2352 476 2418 iam
494 2353 656 2419 obsidum
674 2353 810 2432 tradita,
828 2374 908 2420 cum
925 2352 1056 2438 reliqua
1072 2350 1288 2417 administra·
1307 2380 1336 2429 ις

220 2474 349 2540 rentur,
364 2463 627 2528 centurionibus
642 2474 675 2528 et
692 2470 810 2548 paucis
825 2463 991 2528 militibus
1007 2461 1213 2527 intromissis
1229 2467 1288 2544 qui

219 2593 314 2638 arma
331 2573 555 2658 iamentaque
572 2582 828 2659 conquirerent,
846 2575 1021 2660 equitatus
1039 2573 1192 2640 bostium
1210 2593 1288 2658 pro

221 2682 275 2746 cul
297 2689 390 2747 visus
411 2694 473 2760 est,
496 2689 556 2768 qui
576 2705 702 2768 agmen
724 2684 1026 2771 Vercingetorigis
1047 2693 1286 2750 antecesserat.

222 2789 338 2874 Quem
369 2792 469 2857 simul
500 2804 604 2876 atque
634 2793 800 2877 oppidani
829 2800 1088 2878 conspexorunt
1119 2803 1223 2877 atque
1254 2792 1287 2857 in

221 2921 318 2984 spem
346 2901 453 2966 auxili
481 2909 661 2980 venierunt,
689 2904 840 2970 clamore
867 2905 1005 2970 sublato
1032 2924 1127 2969 arma
1155 2923 1287 2988 capere,
1306 2929 1339 2968 20

220 3015 338 3092 portas
359 3010 528 3085 claudere,
551 3017 689 3076 morum
712 3013 887 3096 comploro
909 3019 1108 3098 coeporunt.
1159 3010 1288 3077 Centu-

221 3117 335 3183 riones
354 3119 388 3182 in
406 3119 550 3203 oppido,
569 3140 649 3185 cum
669 3142 712 3186 ex
732 3121 986 3206 significatione
1008 3121 1186 3186 Gallorum
1206 3125 1290 3185 novi

219 3226 347 3311 aliquid
365 3229 408 3293 ab
426 3235 474 3294 eis
492 3229 569 3293 iniri
586 3230 707 3295 consili
726 3230 986 3306 intelloxissent,
1006 3229 1128 3314 gladiis
1147 3229 1288 3296 destric-

220 3341 264 3400 tis
285 3344 404 3421 portas
425 3344 685 3422 occupavorunt
707 3345 858 3423 suosque
880 3345 1002 3405 omnes
1025 3339 1216 3404 incolumes
1238 3361 1288 3404 re-

220 3450 397 3528 coporunt.
1307 3479 1337 3528 25

326 3617 432 3671 Caesar
449 3617 529 3672 takes
545 3619 751 3673 Nmodunum
769 3620 833 3673 and
848 3637 939 3675 moves
956 3637 992 3674 on
1010 3621 1182 3676 Avaricum.

290 3725 416 3793 Caesar
435 3749 480 3793 ex
500 3735 619 3794 castris
639 3729 833 3812 equitatum
854 3731 955 3795 adiici
975 3729 1080 3806 iubet,
1101 3730 1347 3818 proelium-13

220 3855 287 3917 que
307 3847 466 3920 equestre
486 3836 689 3912 committit;
709 3838 946 3903 laborantibus
966 3837 1032 3903 iam
1054 3846 1124 3905 suis
1146 3839 1287 3905 Germa-

220 3949 284 4008 nos
298 3945 432 4028 equitas
445 3945 580 4011 circiter
595 3965 682 4012 cccc
697 3946 880 4024 submittit,
894 3953 984 4030 quos
998 3949 1040 4012 ab
1055 3947 1154 4014 initio
1169 3953 1288 4014 socum
