3044 4442
284 365 326 432 70
672 354 785 406 BELLI
812 355 970 409 GALLICI

285 526 390 594 clavis
415 528 531 595 lerreis
556 529 660 616 digiti
684 531 818 616 pollicis
844 533 1087 614 crassitudine3
1112 556 1260 602 ancorae
1285 543 1349 622 pro

284 637 422 704 [tinibus
437 638 554 705 ferreis
569 647 702 706 catanis
717 640 905 722 revinctae;
921 644 1027 728 pelles
1040 651 1104 730 pro
1120 646 1204 710 velis
1219 645 1350 712 alatae-

283 769 351 831 que
368 747 521 814 tenuiter
537 749 726 829 conlectae,
750 751 848 836 [hae]
871 758 942 819 sive
959 760 1103 838 propter
1119 753 1272 839 inopiam
1289 755 1350 820 lini

284 868 388 941 atque
403 858 477 924 eius
491 864 574 925 usas
587 860 803 927 inscientiam
818 867 889 928 sive
904 867 957 940 eo,
973 861 1068 947 quod
1084 873 1135 928 est
1152 863 1262 948 magis
1278 870 1349 929 vari

251 989 264 1038 s
283 966 401 1046 simile,
421 967 518 1052 quod
538 975 655 1035 tantas
674 977 903 1056 tempestatas
923 955 1056 1038 Oceani
1078 979 1267 1057 tantosque
1287 973 1348 1039 im-

283 1080 386 1160 petus
407 1083 594 1143 ventarum
617 1078 780 1144 sustinari
801 1087 842 1146 ac
865 1091 964 1146 tanta
984 1091 1090 1146 one'ra
1112 1080 1253 1147 navium
1274 1088 1348 1168 regi

282 1186 366 1251 valis
384 1191 454 1250 non
472 1187 556 1253 satis
574 1189 761 1254 commoda
779 1211 880 1274 posse
899 1189 1164 1256 arbitrabantur.

352 1294 442 1381 Cum
462 1296 515 1361 his
533 1297 679 1363 navibus
698 1309 839 1364 nostrae
858 1299 957 1364 classi
976 1298 1049 1365 eius
1069 1301 1164 1365 modi
1183 1322 1347 1386 congres-

282 1426 340 1470 sus
355 1415 428 1470 erat
445 1415 484 1471 ut
500 1410 570 1472 tina
585 1405 763 1473 celeritate
779 1417 813 1472 et
831 1407 931 1492 pulsu
946 1414 1123 1473 remarum
1139 1416 1347 1493 praestarem

234 1539 265 1575 ro
283 1514 414 1598 reliqua
430 1520 494 1598 pro
510 1515 577 1581 loci
593 1522 726 1594 natura,
744 1523 808 1600 pro
825 1523 858 1582 vi
874 1522 1133 1602 tempestatum,
1152 1518 1216 1584 illis
1232 1531 1345 1585 essent

281 1621 418 1706 aptiora
439 1635 474 1690 et
497 1625 828 1692 accommodatiora.
877 1627 1000 1711 Neque
1021 1626 1115 1693 enim
1135 1633 1183 1694 eis
1205 1628 1346 1695 nostrae

269 1731 394 1798 'rastro
413 1740 538 1801 nocere
556 1745 731 1820 poterant,
744 1774 791 1783 -
821 1747 922 1802 tanta
940 1735 975 1801 in
993 1743 1042 1802 eis
1060 1750 1134 1804 erat
1154 1737 1345 1818 firmitud0,

279 1863 451 1926 —neque
472 1854 618 1928 propter
639 1843 862 1910 altittidinem
885 1844 982 1911 facile
1007 1846 1117 1912 telum
1141 1847 1346 1932 adigebatur

283 1960 317 2016 et
341 1950 463 2017 eadem
487 1952 531 2017 de
554 1959 657 2018 eausa
681 1952 796 2018 minus
820 1954 1007 2019 commode
1032 1954 1165 2037 copulis
1190 1956 1344 2021 contine-

232 2088 260 2138 15
280 2061 415 2128 bantur.
456 2062 656 2129 Accedebat
672 2075 721 2140 ut,
737 2085 817 2128 cum
834 2069 965 2128 saevire
981 2074 1105 2129 ventus
1122 2064 1292 2147 coepisset
1310 2077 1343 2130 et

279 2177 315 2236 se
328 2177 437 2237 vento
451 2171 638 2250 dedissent,
654 2182 689 2237 et
707 2177 955 2255 tempestatem
970 2171 1097 2237 ferrent
1113 2170 1244 2238 facilius
1259 2184 1293 2238 et
1310 2174 1344 2238 in

279 2281 375 2346 vadis
392 2279 623 2347 consisterent
642 2280 754 2346 tatius
771 2291 806 2346 et
824 2281 867 2346 ab
884 2287 983 2346 aestu
1002 2281 1142 2348 relictae
1160 2281 1243 2347 nilril
1261 2305 1344 2348 saxa

280 2400 314 2456 et
338 2389 459 2456 eadem
485 2391 528 2456 de
553 2396 656 2456 causa
680 2389 795 2455 minus
819 2390 1005 2456 commode
1030 2391 1164 2474 capulis
1190 2390 1344 2457 contine-

279 2499 343 2565 bus
356 2505 456 2566 casus
470 2510 542 2565 erat
559 2499 848 2566 extimescendus.

518 2707 545 2761 Τ
540 2706 577 2761 he
580 2706 652 2777 first
664 2708 758 2761 naval
766 2708 852 2762 battle
864 2726 899 2763 on
912 2710 960 2764 the
971 2710 1113 2765 Atlantr'c.

221 2866 262 2932 14
349 2842 596 2929 Compluribus
616 2851 828 2931 expugnatis
848 2847 985 2931 oppidis
1006 2848 1141 2926 Caesar,
1163 2824 1343 2915 ubi'intel-

279 2953 363 3020 laxit
396 2953 524 3021 frastra
556 2965 695 3020 tantum
727 2956 881 3022 laborem
912 2963 1011 3034 stimi,
1043 2978 1155 3042 neque
1187 2957 1343 3023 hostium

279 3063 398 3150 lugam
421 3070 533 3149 captis
556 3064 694 3151 oppidis
717 3065 856 3150 reprimi
880 3087 992 3150 neque
1014 3073 1063 3131 eis
1088 3073 1205 3132 noceri
1230 3089 1341 3151 posse,

278 3173 403 3240 statuit
424 3174 696 3258 exspectandam
717 3176 869 3242 classem.
916 3176 1017 3259 Quae
1036 3175 1094 3240 ubi
1116 3176 1281 3241 convenit
1302 3183 1343 3242 ac

277 3290 426 3367 primum
441 3283 483 3350 ab
497 3284 656 3351 hostibus
671 3291 743 3351 visa
757 3296 821 3364 est,
836 3283 974 3351 circiter
988 3303 1084 3351 ccxx
1100 3290 1206 3351 naves
1221 3293 1342 3351 eorum

227 3422 258 3473 25
277 3393 513 3478 paratissimae
528 3404 635 3479 atque
651 3401 748 3460 omni
764 3415 891 3479 genere
910 3401 1086 3460 armatum
1104 3393 1342 3459 ornatissimae

277 3503 452 3588 proiectae
474 3525 518 3570 ex
542 3509 648 3589 portu
670 3510 799 3571 nostris
822 3504 985 3569 adversae
1008 3502 1260 3580 ednstitarunt;
1283 3523 1341 3567 ne-

278 3635 345 3698 que
365 3613 449 3680 satis
471 3613 594 3692 Bruto,
617 3619 677 3699 qui
697 3612 797 3679 classi
816 3622 984 3698 praeerat,
1008 3610 1061 3678 vel
1084 3610 1232 3678 tribunis
1255 3611 1341 3676 mili-

277 3734 354 3790 tum
385 3721 727 3807 centurionibusque,
759 3721 885 3808 quibus
916 3720 1073 3808 singulae
1104 3726 1210 3788 naves
1242 3729 1340 3787 erant

275 3831 477 3912 attributae,
494 3831 687 3912 canstabat,
705 3830 788 3917 quid
805 3842 949 3916 agerent
968 3842 1028 3896 aut
1046 3852 1151 3915 quarn
1168 3830 1341 3897 ratidnem

226 3972 258 4022 30
275 3947 414 4028 pagnae
441 3940 652 4007 insisterent.
708 3942 839 4008 Rostra
868 3940 962 4007 enim
991 3947 1108 4007 noceri
1138 3947 1209 4006 non
1240 3959 1341 4025 posse
