3000 4456
528 378 646 436 LIBER
673 383 693 437 1.
720 383 803 437 CAP.
834 395 943 450 17-19.
1235 395 1270 464 ¹3

199 567 382 628 novorum.
432 557 640 648 Complores
662 570 773 629 annos
795 562 952 648 portoria
976 563 1174 648 reliquaque
1196 583 1272 627 om-

198 671 258 736 nia
280 671 512 738 Haeduorum
535 671 721 757 vectigelia
742 677 851 756 parvo
873 671 988 756 pretio
1010 671 1191 756 redempta
1213 670 1271 738 ha-

199 781 292 860 bere,
316 786 504 865 proptereo
526 781 622 865 quod
645 780 705 846 illo
727 781 854 847 licente
877 787 1001 846 contre
1025 780 1118 846 liceri
1141 780 1268 846 audeat

198 896 314 956 nemo.
366 891 434 957 His
455 891 558 956 rebus
579 901 614 956 et
637 911 735 956 suam
756 912 829 957 rem
851 890 1053 958 familiorem
1074 890 1212 958 auxisse
1234 902 1269 957 et

196 997 384 1065 facultotes
398 1000 442 1065 ad
457 997 676 1084 largiendum
692 1005 837 1084 megnos
852 1006 1086 1085 comparesse3
1101 1006 1271 1085 magnum
1288 1022 1302 1072 5

198 1129 385 1175 numerum
399 1109 576 1194 equitotos
592 1116 656 1176 suo
671 1115 816 1194 sompto
832 1130 969 1195 semper
983 1109 1073 1176 alere
1088 1120 1123 1176 et
1140 1109 1271 1176 circum

201 1224 239 1284 se
255 1218 392 1297 habere,
409 1240 521 1304 neque
537 1219 651 1285 solum
668 1219 774 1296 domi,
793 1219 853 1284 sed
870 1217 977 1284 etiam
992 1218 1086 1303 apud
1104 1217 1271 1284 finitimos

201 1326 366 1393 civitotes
390 1327 535 1414 largiter
558 1349 675 1414 posse;
698 1337 807 1413 atque
832 1326 934 1393 hoius
959 1327 1141 1412 potentiae
1166 1333 1271 1394 causo

199 1442 349 1504 metrem
383 1436 418 1503 in
456 1437 672 1523 Biturigibus
706 1438 840 1505 homini
876 1437 943 1502 illic
978 1435 1193 1502 nobilissimo
1229 1441 1269 1501 ec

201 1545 449 1630 potentissimo
473 1548 690 1625 conlocesse;
714 1547 828 1633 ipsum
852 1569 897 1613 ex
922 1545 1096 1612 Helvetiis
1121 1553 1269 1612 uxorem
1289 1572 1320 1608 10

199 1655 337 1734 habere,
352 1661 508 1722 sororem
521 1678 566 1722 ex
580 1663 689 1723 matre
702 1668 737 1723 et
751 1657 965 1742 propinquis
979 1662 1058 1722 sues
1072 1661 1222 1740 neptum
1235 1656 1270 1720 in

196 1763 283 1828 alies
303 1763 460 1830 civitotes
479 1765 690 1832 conlocosse.
741 1765 871 1832 Favere
893 1777 927 1831 et
948 1785 1074 1848 cupere
1098 1764 1269 1830 Helvetiis

199 1884 347 1957 propter
359 1895 436 1940 eam
450 1874 681 1954 adfinitatem,
698 1875 812 1941 odisse
827 1874 934 1941 etiam
948 1881 1012 1941 suo
1027 1874 1169 1941 nomine
1185 1873 1270 1941 Cae·

200 2003 313 2049 sarem
330 1992 364 2049 et
384 1982 574 2062 Romenos
594 1985 689 2069 quod
706 1991 828 2050 eorum
845 1985 998 2051 advento
1017 1983 1179 2070 potentia
1196 1983 1270 2049 eius

197 2090 381 2158 deminota
399 2103 433 2157 et
455 2092 654 2159 Diviciocus
672 2092 779 2160 freter
796 2093 831 2159 in
850 2101 1035 2179 antiquum
1054 2095 1172 2160 locum
1191 2101 1317 2180 gra-15

198 2199 269 2266 tiae
287 2209 393 2286 atque
412 2200 555 2268 honoris
573 2202 618 2269 sit
638 2201 832 2269 restitirtus.
882 2203 919 2270 Si
938 2202 1021 2289 quid
1040 2199 1175 2270 accidat
1198 2205 1270 2269 Ro-

196 2315 320 2388 menis,
338 2331 511 2376 summam
526 2311 561 2377 in
578 2333 675 2397 spem
691 2333 753 2396 per
770 2311 955 2378 Helvetios
972 2319 1071 2399 regni
1087 2313 1270 2380 obtinendi

197 2424 331 2498 venire;
355 2417 501 2504 imperio
525 2421 646 2505 populi
671 2420 824 2487 Romoni
847 2429 918 2486 non
943 2423 1052 2489 modo
1078 2423 1121 2489 de
1146 2429 1267 2509 regno,

197 2527 387 2594 sedetiam
408 2530 451 2594 de
471 2535 521 2608 ee,
543 2549 647 2613 quarn
668 2529 805 2608 habeat,
828 2529 942 2615 gretie
963 2532 1155 2616 desperare.

269 2636 475 2722 Reperiebat
495 2637 602 2704 etiam
621 2637 655 2703 in
676 2640 875 2723 quaerendo
895 2639 1031 2719 Caesar,
1052 2642 1148 2726 quod
1168 2663 1269 2727 proe·
1286 2671 1319 2710 ao

197 2745 283 2811 lium
305 2758 467 2831 equestre
488 2748 673 2814 adversum
695 2755 814 2833 paucis
835 2760 918 2815 ante
941 2750 1062 2816 diebus
1085 2763 1176 2818 esset
1201 2752 1269 2819 iac-

201 2865 289 2934 tum,
309 2853 448 2920 initium
473 2854 581 2940 [eius]
606 2855 709 2942 fugae
729 2856 861 2922 iactum
880 2863 900 2923 o
920 2857 1142 2946 Dumnorige
1161 2871 1268 2946 atque

196 2963 272 3028 eius
291 2963 466 3048 equitibus
484 3001 531 3011 —
550 2985 630 3029 narn
650 2965 831 3048 equitetui,
851 2987 955 3050 quem
975 2968 1107 3035 auxilio
1129 2969 1267 3037 Caesari

198 3073 341 3140 Haedui
361 3081 537 3153 miserant,
562 3075 762 3141 Dumnorix
783 3088 939 3161 praeerat
960 3100 1021 3158 -;
1042 3086 1164 3148 eorum
1186 3081 1269 3169 iugo

195 3183 369 3269 reliquum
386 3206 459 3251 esse
477 3184 673 3269 equitatum
691 3185 925 3269 perterritum.
1287 3222 1317 3272 25

289 3377 396 3430 Caesar
407 3375 530 3432 consults
542 3377 715 3432 Diviciacus
726 3379 811 3434 about
817 3380 985 3454 punishing
998 3383 1174 3439 Dumnorix.

267 3507 406 3593 Quibus
422 3510 525 3576 rebus
542 3511 706 3597 cognitis
725 3534 805 3578 curn
823 3515 866 3580 ad
884 3515 946 3582 hes
964 3517 1178 3602 suspiciones
1197 3539 1267 3584 cer·
1287 3533 1328 3601 19

195 3615 352 3684 tissimae
378 3625 432 3685 res
457 3621 674 3702 accederent,
701 3623 798 3708 quod
825 3646 886 3709 per
911 3625 997 3693 fines
1024 3627 1268 3712 Sequanorum

197 3726 383 3794 Helvetios
407 3730 631 3810 tredoxisset‚
656 3733 752 3816 quod
775 3734 914 3801 obsides
936 3735 1028 3802 inter
1050 3744 1111 3803 eos
1134 3738 1269 3803 dandos

195 3841 363 3916 corosset,
382 3839 477 3923 quod
494 3861 533 3906 ea
550 3841 668 3907 omnia
685 3849 756 3908 non
774 3845 883 3909 modo
900 3843 1031 3911 iniossu
1049 3852 1114 3912 suo
1132 3857 1168 3913 et
1187 3847 1268 3913 civi-

196 3944 293 4023 totis,
316 3946 374 4012 sed
394 3945 501 4014 etiam
520 3949 747 4016 inscientibus
767 3949 849 4036 ipsis
870 3951 1017 4033 iecisset,
1040 3955 1134 4040 quod
1155 3962 1176 4021 e
1197 3977 1267 4021 ma·
1286 3985 1318 4033 30
