3048 4444
532 355 649 409 LIBER
675 356 724 410 VI.
751 355 833 410 CAP.
860 369 972 424 3o-32.
1230 370 1289 438 159

219 536 384 602 cumdato
412 535 507 612 silva,
536 545 574 600 ut
601 547 682 601 sunt
709 536 778 602 iere
804 535 980 602 domicilia
1008 535 1198 612 Gallorum,
1226 539 1286 618 qui

217 644 350 711 vitandi
369 649 485 710 aestas
505 651 609 710 causa
629 646 834 729 plerumque
854 646 1018 712 silvarum
1040 652 1080 712 ac
1103 643 1285 710 fluminum

218 765 341 840 petunt
366 754 655 842 propinquitates,
679 755 826 821 comites
851 754 1104 839 familiaresque
1128 753 1202 819 eius
1226 773 1285 818 an·

217 871 326 951 gusto
344 863 379 930 in
398 864 477 930 loco
496 862 670 949 paulisper
688 864 848 950 equitum
868 871 1071 930 nostrorum
1091 863 1162 929 vim
1181 863 1285 930 susti-

217 981 377 1040 nuerunt.
429 974 496 1039 His
513 974 751 1059 pognantibus
768 974 864 1039 illum
881 974 916 1039 in
934 994 1063 1058 equum
1081 971 1222 1057 quidam
1240 993 1284 1038 ex
1304 998 1317 1048 5

216 1090 286 1150 suis
309 1083 438 1161 intulit;
463 1083 656 1168 fugientem
680 1083 783 1149 silvae
806 1089 1000 1163 taxarunt.¹
1028 1083 1084 1150 Sic
1107 1093 1141 1148 et
1163 1081 1205 1147 ad
1230 1103 1284 1147 su-

217 1192 395 1259 beundum
420 1192 612 1277 periculum
637 1192 739 1258 etad
765 1191 945 1258 vitandum
970 1191 1120 1257 multum
1145 1190 1285 1256 {ortona

216 1301 333 1367 valuit.

331 1455 542 1510 Dt‘sbandment
552 1457 588 1527 os
602 1455 650 1510 his
661 1461 763 1528 troops.
801 1457 920 1511 Suict‘a'e
931 1458 967 1528 os
982 1457 1161 1512 Catuvolcus.

284 1565 470 1631 Ambiorix
500 1565 618 1650 copias
648 1573 727 1631 suas
757 1565 930 1631 iudicione
961 1572 1032 1631 non
1063 1565 1282 1640 condirxerit,
1299 1575 1340 1640 31

214 1675 309 1760 quod
327 1675 460 1761 proelio
477 1675 713 1740 dimicandum
730 1681 802 1741 non
819 1675 1045 1752 existimaret,
1063 1697 1106 1740 an
1125 1685 1283 1758 tempore
1303 1696 1334 1732 10

214 1786 376 1851 exclusus
390 1795 424 1850 et
440 1790 623 1869 repentino
639 1784 796 1867 equitum
812 1783 963 1850 adventu
980 1783 1186 1868 prohibitus,
1203 1804 1283 1849 cum

214 1893 383 1977 reliquum
399 1892 591 1959 exercitum
608 1894 771 1976 subsequi
788 1893 953 1971 crederet,
969 1893 1115 1959 dubium
1132 1903 1197 1971 est;
1223 1892 1282 1958 sed

215 2010 308 2069 certa
323 2003 472 2068 dimissis
488 2024 549 2087 per
563 2009 668 2087 agros
684 2003 813 2068 nuntiis
830 2001 893 2067 sibi
911 2023 1086 2087 quemque
1103 2004 1282 2068 consulere

216 2112 322 2178 iussit.
373 2112 536 2196 Quorum
564 2132 642 2196 pars
668 2111 702 2176 in
729 2111 957 2177 Arduennam
984 2111 1115 2188 silvam,
1143 2133 1221 2196 pars
1247 2111 1281 2175 in

214 2222 433 2288 continentes
450 2220 593 2304 pallidos
610 2220 781 2306 proiogit;
799 2227 859 2304 qui
876 2220 1028 2304 proximi
1046 2207 1192 2287 Oceano
1210 2221 1282 2286 fua·
1301 2243 1330 2294 15

215 2341 305 2408 runt,
325 2331 360 2395 hi
379 2330 499 2395 insulis
519 2336 593 2395 seso
611 2331 885 2408 occultavorunt‚
906 2337 992 2413 quas
1011 2336 1127 2396 aestas
1147 2331 1281 2397 efficere

214 2445 442 2517 consuerunt;
458 2439 558 2504 multi
573 2461 617 2505 ex
633 2445 703 2503 suis
719 2438 846 2503 finibus
861 2445 991 2523 egressi
1008 2445 1044 2504 sa
1060 2460 1191 2524 suaque
1207 2461 1282 2505 om-

214 2549 269 2614 nia
296 2547 510 2614 alienissimis
538 2546 771 2613 crediderunt.
835 2546 1061 2628 Catuvolcus,
1092 2555 1154 2615 rex
1182 2549 1281 2616 dimi-

214 2657 289 2724 diae
314 2657 419 2741 partis
444 2657 663 2734 Eburonum,
688 2663 747 2740 qui
771 2662 943 2722 unacum
968 2657 1175 2743 Ambiorige
1199 2666 1282 2724 con-

215 2767 328 2832 silium
347 2766 479 2843 inierat,
498 2773 611 2831 aetate
629 2765 698 2831 iam
717 2765 907 2843 coniectus,
928 2786 1008 2831 cum
1029 2768 1182 2833 laborem
1202 2769 1281 2834 belli
1299 2793 1331 2830 20

213 2888 270 2940 aut
287 2875 389 2958 iugae
403 2875 491 2940 ierre
506 2881 576 2939 non
592 2885 720 2958 posset,
737 2874 899 2940 omnibus
915 2875 1075 2959 precibus
1090 2877 1281 2943 datestatus

215 2984 468 3069 Ambiorigem,
486 2991 545 3068 qui
560 2983 634 3049 aius
649 2983 770 3049 consili
787 2995 909 3049 auctor
924 2984 1055 3061 fuisset,
1071 2992 1166 3062 taxo,
1184 2986 1282 3051 citius
1307 3057 1308 3062 γ

214 3099 342 3178 magna
358 3093 391 3158 in
409 3093 518 3158 Gallia
535 3091 791 3176 Germaniaque
807 3094 909 3177 copia
925 3105 987 3171 est,
1005 3101 1041 3159 se
1058 3095 1280 3161 exanimavit.

361 3265 468 3319 Caesar
479 3267 552 3334 puts
565 3263 598 3332 Q.
613 3263 710 3318 Cicero
722 3265 755 3316 in
767 3263 920 3317 command
928 3269 962 3317 at
972 3266 1131 3321 Atuatuca.

282 3381 390 3466 Segni
408 3379 662 3463 Condrusique,
683 3402 726 3445 ex
746 3391 851 3464 gente
870 3391 904 3445 et
923 3388 1069 3447 numero
1089 3382 1279 3449 Germano·
1297 3395 1339 3461 32

213 3512 301 3567 rum,
320 3497 379 3574 qui
398 3500 478 3555 sunt
497 3488 588 3554 inter
607 3489 791 3554 Eburonos
809 3487 1061 3572 Treverosque,
1082 3491 1216 3577 lagatos
1236 3493 1279 3558 ad
1298 3515 1329 3564 25

214 3599 396 3666 Caesarem
418 3604 586 3664 miserunt
608 3603 757 3674 oratum,
780 3603 824 3663 na
844 3604 881 3663 sa
902 3596 935 3662 in
958 3598 1112 3664 hostium
1134 3609 1280 3667 numero

212 3708 354 3774 duceret
383 3714 470 3773 neve
497 3705 655 3772 omnium
684 3705 940 3772 Germanorum
967 3714 1026 3791 qui
1053 3721 1167 3776 essent
1195 3711 1281 3776 citra

213 3817 378 3884 Rhenum
396 3823 502 3882 onam
521 3835 595 3880 esse
613 3834 752 3880 causam
771 3815 952 3881 iudicaret:
971 3817 1054 3882 nibil
1073 3825 1109 3884 se
1128 3819 1280 3887 debello

212 3924 433 4010 cogitavisse,
461 3923 554 3987 milla
581 3921 780 4007 Ambiorigi
807 3923 935 3989 auxilia
962 3927 1103 3993 misisse.
1154 3927 1279 3995 Caesar
