3044 4442
519 383 636 436 LIBER
662 384 696 436 V.
722 383 805 437 CAP.
832 384 953 449 27-28.·
1211 402 1265 447 121

202 565 345 626 menum
357 566 512 644 superari
526 582 628 645 posse
643 561 806 627 cenfidat.
856 560 925 628 Sed
940 583 1014 627 esse
1029 561 1158 629 Galliae
1173 582 1268 627 com-

201 673 306 734 mune
323 669 521 748 censilium;
539 669 702 735 omnibus
720 670 871 736 hibernis
889 669 1044 736 Caesaris
1062 675 1268 755 oppugnan-

202 777 255 842 dis
274 777 367 857 hunc
387 799 461 843 esse
481 777 613 843 dictum
634 778 737 856 diem,
758 785 801 843 ne
821 799 889 862 qua
908 778 1001 863 legie
1021 779 1118 844 alteri
1139 778 1269 864 legieni

200 885 355 952 subsidii>
370 892 486 952 venire
500 897 628 970 posset.
680 887 711 950 N
715 892 761 951 en
776 886 872 953 facile
888 886 1005 952 Galles
1020 887 1125 952 Gallis
1140 893 1268 972 negere

202 993 367 1078 potuisse,
400 995 602 1079 praesertim
634 1016 714 1060 cum
746 996 790 1060 de
822 996 1057 1079 recuperande
1089 1002 1300 1072 communis

129 1169 133 1176 ,
203 1105 359 1170 libertate
377 1103 561 1168 censilium
578 1103 703 1168 initum
721 1103 904 1169 videretur.

271 1211 410 1296 Quibus
441 1211 607 1296 quoniam
640 1217 703 1295 pre
735 1211 863 1296 pietete
896 1212 1108 1292 satisfecerit,
1141 1214 1268 1281 habere

202 1342 293 1386 nunc
308 1327 345 1386 se
360 1320 531 1386 ratienem
548 1319 639 1385 offici
656 1326 719 1403 pri)
735 1320 910 1386 beneficiis
928 1321 1097 1400 Caesaris;
1114 1329 1267 1401 monere,

201 1436 299 1496 erere
317 1429 494 1495 Titinium
512 1435 575 1514 pre
594 1429 756 1514 hospitii),
777 1441 816 1495 ut
835 1451 917 1497 suae
934 1437 974 1497 ic
993 1431 1144 1497 militum
1163 1434 1266 1498 saluti

200 1539 368 1605 censulat.
420 1539 588 1623 Magnam
611 1559 753 1602 manum
778 1538 1033 1604 Germenerum
1057 1541 1268 1607 conductam
1287 1572 1318 1608 ιο

201 1648 364 1714 Rhenum
388 1654 565 1725 trensisse;
589 1648 677 1714 hanc
699 1647 818 1714 adfore
842 1647 959 1714 bidue.
1008 1649 1171 1734 Ipserum
1194 1673 1267 1716 esse

201 1757 395 1832 censilium,
416 1756 566 1822 velintne
587 1756 805 1840 priusquam
826 1755 963 1821 finitimi
984 1757 1144 1836 sentiant,
1165 1759 1268 1825 educ-

201 1871 257 1931 tes
273 1887 318 1932 ex
334 1866 486 1932 hibernis
503 1866 628 1930 milites
645 1876 703 1930 aut
720 1865 764 1930 ad
783 1850 988 1931 Cicerenem
1005 1878 1063 1932 aut
1082 1867 1124 1932 acl
1145 1868 1267 1934 Labie-

201 1995 296 2050 num,
315 1974 496 2051 deducere,
515 1980 665 2057 querum
684 1975 769 2039 alter
786 1974 879 2040 milia
898 1996 1062 2058 passuum
1081 1976 1216 2042 circiter
1231 1997 1266 2054 L,

201 2085 286 2149 alter
308 2084 411 2167 paule
432 2083 580 2167 amplius
601 2083 645 2148 ab
666 2089 715 2148 eis
737 2083 835 2149 absit.
886 2084 976 2149 Illud
998 2090 1035 2150 se
1057 2085 1210 2169 polliceri
1233 2098 1316 2154 et15

201 2194 273 2262 irire
288 2193 434 2260 iurand&
449 2193 656 2260 confirmare
672 2199 788 2259 tutum
804 2201 840 2261 se
856 2195 920 2260 iter
934 2217 996 2280 per
1010 2202 1092 2262 sues
1107 2197 1193 2263 fines
1208 2199 1265 2264 da-

202 2311 330 2371 turum.
380 2305 488 2390 Quod
512 2326 593 2371 cum
617 2304 731 2384 iaciat,
756 2315 792 2371 et
816 2305 952 2372 civiteti
977 2313 1052 2373 sese
1075 2309 1264 2388 censulere,

200 2417 295 2501 quod
314 2416 465 2481 hibernis
484 2417 629 2495 levetur,
649 2428 682 2482 et
702 2415 841 2483 Caesari
860 2424 923 2502 pre
943 2417 1016 2483 eius
1036 2417 1168 2484 meritis
1188 2425 1265 2504 grit-

200 2524 285 2590 tiam
303 2524 436 2591 reierre.
488 2526 567 2591 Hac
585 2525 745 2592 eretiene
764 2526 884 2592 habite
902 2526 1048 2593 discedit
1069 2527 1264 2593 Ambiorix.

314 2747 395 2802 Some
411 2749 447 2821 φ’
461 2748 509 2803 the
526 2750 638 2803 Roman
657 2751 763 2820 crfficm
780 2767 833 2804 are
851 2749 1009 2820 unwahtg
1026 2755 1055 2804 to
1072 2749 1151 2804 leave

637 2837 716 2891 their
733 2842 823 2908 camp.

269 2969 456 3056 Arpineius
477 2984 510 3039 et
535 2974 655 3056 Itinius
676 2996 764 3059 quae
785 2975 964 3040 audierant
986 2974 1028 3040 ad
1051 2974 1186 3058 legatus
1207 2973 1265 3038 de·
1283 2980 1326 3045 28

200 3080 324 3145 lerunt.
375 3082 428 3146 Illi
453 3089 633 3166 repentine
658 3090 693 3149 re
718 3084 920 3167 perturbeti,
946 3090 1010 3149 etsi
1034 3085 1076 3148 ab
1102 3083 1202 3148 hoste
1227 3103 1267 3148 ea

198 3189 412 3267 dicebantur,
428 3201 544 3257 tamen
560 3197 631 3257 nen
647 3192 865 3276 neglegenda
881 3193 1141 3271 existimabant;
1158 3191 1267 3257 mexi-

199 3303 325 3381 meque
346 3298 410 3365 hec
431 3306 468 3364 re
489 3301 792 3383 permovebantur,
815 3302 910 3385 quod
932 3302 1107 3368 civitatem
1129 3301 1267 3386 igncibi-

199 3407 267 3472 lem
285 3418 389 3491 atque
407 3408 573 3474 humilem
593 3409 801 3475 Eburenum
819 3417 881 3476 sue
899 3421 1025 3493 sponte
1044 3411 1176 3494 popule
1196 3411 1266 3476 Re-

200 3521 305 3582 mine
327 3517 455 3582 bellum
477 3516 588 3583 lacere
609 3539 727 3583 ausam
750 3518 810 3584 vix
832 3528 903 3584 erat
926 3519 1148 3586 credendum.
1199 3520 1267 3585 Ita·
1285 3553 1315 3602 25

199 3645 268 3709 que
284 3625 327 3690 ad
344 3625 527 3692 censilium
544 3647 617 3691 rem
634 3627 792 3693 delerunt
810 3634 1006 3712 magnaque
1023 3628 1113 3694 inter
1129 3613 1189 3695 ees
1206 3651 1266 3695 ex-

198 3734 286 3800 sistit
301 3735 546 3801 contreversia.
598 3735 637 3800 L.
654 3735 911 3801 Aurunculeius
926 3739 1192 3821 compluresque
1208 3738 1267 3803 tri-

199 3843 284 3909 buni
306 3843 455 3910 militum
478 3854 512 3910 et
536 3850 727 3929 primerum
751 3844 912 3910 sardinum
936 3845 1158 3911 centurienes
1180 3846 1263 3912 nihil

199 3958 331 4021 temere
356 3955 542 4044 agendum,
569 3975 680 4044 neque
706 3976 750 4020 ex
776 3953 927 4022 hibernis
952 3951 1083 4021 iniussu
1110 3954 1265 4024 Caesaris
