3000 4456
495 1236 627 1294 LIBER
658 1236 902 1296 SECUNDUS.

204 1423 286 1469 WAR
303 1423 403 1470 WITH
421 1423 496 1470 THE
513 1422 677 1470 BELGIAN
696 1422 1024 1481 CONFEDERATION,
1044 1423 1074 1468 B.
1090 1423 1119 1468 C.
1142 1429 1181 1477 57.

261 1574 318 1628 All
331 1575 380 1629 the
397 1575 523 1646 Belgyhn
541 1575 628 1630 tribes
645 1579 776 1646 conspire
792 1577 913 1646 against
930 1575 979 1629 the
995 1575 1130 1628 Romans.

233 1701 323 1767 Cum
344 1712 433 1768 esset
455 1701 581 1769 Caesar
600 1703 635 1766 in
656 1703 815 1781 citeriiare
836 1701 946 1768 Gallia
973 1701 1025 1786 [in
1045 1699 1230 1784 hibernis],
1252 1719 1267 1767 1

162 1809 212 1876 ita
232 1817 282 1876 uti
303 1817 407 1896 supra
428 1811 755 1888 dembnstravirnus,
777 1812 887 1876 crebri
909 1811 952 1876 ad
974 1831 1054 1876 eum
1076 1816 1232 1875 rirmbres

160 1919 408 1986 adferebantur
442 1921 633 2005 litterisque
668 1920 751 1986 item
788 1920 933 1986 Labieni
968 1919 1094 1985 certior
1128 1919 1232 1985 fiebat

161 2034 287 2094 omnes
308 2029 444 2113 Belgas
466 2050 571 2114 quarn
593 2028 733 2095 tertiam
754 2051 827 2095 esse
848 2027 979 2095 Galliae
999 2041 1136 2114 partem
1156 2029 1231 2094 dix-

162 2144 311 2217 eramus
343 2144 467 2204 contra
497 2139 667 2224 populum
699 2138 900 2204 Rrimanurn
931 2137 1111 2204 conirirare
1142 2136 1264 2211 obsi-5

162 2247 295 2331 desque
324 2247 415 2313 inter
445 2254 481 2314 se
511 2249 601 2314 dare.
658 2246 873 2314 Coniirrandi
903 2248 965 2313 has
994 2268 1068 2313 esse
1098 2253 1233 2314 causas:

162 2361 326 2441 primunr,
342 2358 439 2442 quod
452 2364 665 2436 vererentur,
681 2364 725 2423 ne
739 2363 836 2422 omni
850 2363 975 2448 pacata
990 2355 1101 2422 Gallia
1114 2356 1158 2422 ad
1173 2362 1233 2421 eris

162 2464 340 2530 exercitus
371 2476 491 2531 noster
523 2467 770 2544 addirceretur;
802 2465 926 2531 deinde
958 2465 1054 2550 quod
1086 2465 1128 2530 ab
1161 2470 1232 2529 nrin

163 2573 269 2639 nirllis
292 2571 398 2640 Gallis
421 2573 703 2653 sollicitarentur,
729 2574 857 2660 partim
880 2580 949 2659 qui,
974 2584 1014 2639 ut
1040 2572 1232 2671 Germanias

164 2681 296 2748 diritius
314 2681 350 2747 in
371 2682 482 2749 Gallia
502 2690 629 2750 versari
649 2685 846 2762 nriluerant,
867 2682 917 2749 ita
938 2684 1059 2768 populi
1081 2683 1232 2748 Rinnani
1251 2714 1282 2750 ιο

161 2789 358 2858 exercitum
382 2792 534 2859 hiemare
557 2805 663 2879 atque
686 2794 938 2859 inveterascere
962 2793 997 2857 in
1022 2791 1134 2858 Gallia
1157 2815 1231 2859 mo-

164 2901 252 2966 leste
272 2901 438 2980 terebant,
461 2902 588 2987 partim
609 2910 669 2988 qui
690 2903 886 2969 mabilitate
906 2912 941 2968 et
964 2901 1107 2969 levitate
1127 2902 1232 2968 animi

163 3017 265 3075 novis
282 3010 435 3095 imperiis
454 3012 655 3091 studebant;
674 3014 716 3078 ab
736 3019 807 3078 nrin
828 3014 929 3078 nirllis
948 3013 1062 3090 etiam,
1082 3012 1176 3097 qnod
1197 3012 1231 3076 in

165 3119 276 3185 Gallia
300 3125 321 3185 a
345 3119 601 3204 potentidribus
627 3133 731 3206 atque
756 3128 804 3188 eis
830 3129 890 3206 qui
915 3122 957 3188 ad
984 3122 1231 3188 conrlircendris

163 3226 324 3294 homines
345 3228 531 3295 facultates
553 3230 728 3296 habebant
752 3232 860 3315 vulgi)
883 3237 991 3316 regna
1013 3229 1230 3314 occupaban-
1252 3265 1280 3315 15

163 3348 230 3414 tur,
250 3343 309 3421 qui
326 3337 441 3403 minus
458 3337 556 3404 facile
574 3360 651 3403 eam
669 3360 741 3404 rein
759 3339 905 3424 imperii)
923 3345 1046 3404 nostri)
1065 3345 1230 3424 cansequi

164 3456 338 3528 poterant.

348 3607 456 3661 Caesar
473 3608 604 3662 marches
621 3609 736 3680 qut'ckly
753 3613 815 3662 titio
833 3608 912 3662 their
929 3614 1055 3680 country.

239 3716 306 3781 His
329 3716 461 3782 nfintiis
485 3717 680 3803 litterisque
703 3725 903 3784 commotus
928 3717 1054 3784 Caesar
1077 3718 1163 3783 duas
1187 3718 1271 3784 le-2

167 3824 291 3908 ginnas
320 3825 354 3889 in
384 3826 543 3893 citeribre
574 3827 683 3893 Gallia
713 3834 822 3892 novas
851 3827 1054 3910 «inscripsit
1085 3837 1118 3893 et
1149 3826 1233 3891 inita

169 3941 313 4014 aestate,
335 3934 369 3999 in
389 3935 590 4001 ulteririrern
611 3934 759 4001 Galliam
778 3941 838 4020 qui
858 3935 1044 4001 dediceret
1066 3935 1111 4020 Q.
1134 3934 1233 4002 Pedi·
1253 3964 1285 4002 πο

1007 4054 1037 4100 41
